<ENVELOPE><HEADER><TALLYREQUEST>Import Data</TALLYREQUEST></HEADER><BODY><IMPORTDATA><REQUESTDESC><REPORTNAME>Vouchers</REPORTNAME><STATICVARIABLES><SVCURRENTCOMPANY>Anatomy Shop - (from 1-Apr-23)</SVCURRENTCOMPANY></STATICVARIABLES></REQUESTDESC><REQUESTDATA><TALLYMESSAGE xmlns:UDF="TallyUDF"><VOUCHER REMOTEID="" VCHKEY="" VCHTYPE="Amazon Sales" ACTION="Create" OBJVIEW="Invoice Voucher View"><STATENAME>Maharashtra</STATENAME><PLACEOFSUPPLY>Maharashtra</PLACEOFSUPPLY><URDORIGINALSALEVALUE>B2C (Small)</URDORIGINALSALEVALUE><BASICBUYERADDRESS.LIST TYPE="String"><BASICBUYERADDRESS>400071</BASICBUYERADDRESS></BASICBUYERADDRESS.LIST><OLDAUDITENTRYIDS.LIST TYPE="Number"><OLDAUDITENTRYIDS>-1</OLDAUDITENTRYIDS></OLDAUDITENTRYIDS.LIST><DATE>20251001</DATE><REFERENCEDATE /><GUID> </GUID><VATDEALERTYPE>Unregistered</VATDEALERTYPE><COUNTRYOFRESIDENCE>India</COUNTRYOFRESIDENCE><PARTYNAME>Amazon.in</PARTYNAME><BASICBUYERNAME>Amazon B2C Customer</BASICBUYERNAME><VOUCHERTYPENAME>Amazon Sales</VOUCHERTYPENAME><REFERENCE>406-0575493-1706743</REFERENCE><VOUCHERNUMBER>PKFZ-3872</VOUCHERNUMBER><IRN /><BILLTOPLACE /><SHIPTOPLACE>MUMBAI</SHIPTOPLACE><PARTYPINCODE>400071</PARTYPINCODE><CONSIGNEEPINCODE>400071</CONSIGNEEPINCODE><PARTYLEDGERNAME>Amazon.in</PARTYLEDGERNAME><BASICBASEPARTYNAME>Amazon.in</BASICBASEPARTYNAME><FBTPAYMENTTYPE>Default</FBTPAYMENTTYPE><PERSISTEDVIEW>Invoice Voucher View</PERSISTEDVIEW><BASICORDERREF>AFN</BASICORDERREF><BASICDUEDATEOFPYMT>PayStation</BASICDUEDATEOFPYMT><GSTREGISTRATIONTYPE>Unregistered/Consumer</GSTREGISTRATIONTYPE><BASICFINALDESTINATION>MUMBAI</BASICFINALDESTINATION><BASICDATETIMEOFINVOICE>01 Oct 25</BASICDATETIMEOFINVOICE><BASICDATETIMEOFREMOVAL>01 Oct 25</BASICDATETIMEOFREMOVAL><CONSIGNEESTATENAME>Maharashtra</CONSIGNEESTATENAME><EFFECTIVEDATE>20251001</EFFECTIVEDATE><VCHGSTCLASS /><ENTEREDBY /><DIFFACTUALQTY>No</DIFFACTUALQTY><ISMSTFROMSYNC>No</ISMSTFROMSYNC><ASORIGINAL>No</ASORIGINAL><AUDITED>No</AUDITED><FORJOBCOSTING>No</FORJOBCOSTING><ISOPTIONAL>No</ISOPTIONAL><USEFOREXCISE>No</USEFOREXCISE><ISFORJOBWORKIN>No</ISFORJOBWORKIN><ALLOWCONSUMPTION>No</ALLOWCONSUMPTION><USEFORINTEREST>No</USEFORINTEREST><USEFORGAINLOSS>No</USEFORGAINLOSS><USEFORGODOWNTRANSFER>No</USEFORGODOWNTRANSFER><USEFORCOMPOUND>No</USEFORCOMPOUND><USEFORSERVICETAX>No</USEFORSERVICETAX><ISEXCISEVOUCHER>No</ISEXCISEVOUCHER><EXCISETAXOVERRIDE>No</EXCISETAXOVERRIDE><USEFORTAXUNITTRANSFER>No</USEFORTAXUNITTRANSFER><EXCISEOPENING>No</EXCISEOPENING><USEFORFINALPRODUCTION>No</USEFORFINALPRODUCTION><ISTDSOVERRIDDEN>No</ISTDSOVERRIDDEN><ISTCSOVERRIDDEN>No</ISTCSOVERRIDDEN><ISTDSTCSCASHVCH>No</ISTDSTCSCASHVCH><INCLUDEADVPYMTVCH>No</INCLUDEADVPYMTVCH><ISSUBWORKSCONTRACT>No</ISSUBWORKSCONTRACT><ISVATOVERRIDDEN>No</ISVATOVERRIDDEN><IGNOREORIGVCHDATE>No</IGNOREORIGVCHDATE><ISVATPAIDATCUSTOMS>No</ISVATPAIDATCUSTOMS><ISDECLAREDTOCUSTOMS>No</ISDECLAREDTOCUSTOMS><ISSERVICETAXOVERRIDDEN>No</ISSERVICETAXOVERRIDDEN><ISISDVOUCHER>No</ISISDVOUCHER><ISEXCISEOVERRIDDEN>No</ISEXCISEOVERRIDDEN><ISEXCISESUPPLYVCH>No</ISEXCISESUPPLYVCH><ISGSTOVERRIDDEN>No</ISGSTOVERRIDDEN><GSTNOTEXPORTED>No</GSTNOTEXPORTED><ISVATPRINCIPALACCOUNT>No</ISVATPRINCIPALACCOUNT><ISBOENOTAPPLICABLE>No</ISBOENOTAPPLICABLE><ISSHIPPINGWITHINSTATE>No</ISSHIPPINGWITHINSTATE><ISOVERSEASTOURISTTRANS>No</ISOVERSEASTOURISTTRANS><ISCANCELLED>No</ISCANCELLED><HASCASHFLOW>No</HASCASHFLOW><ISPOSTDATED>No</ISPOSTDATED><USETRACKINGNUMBER>No</USETRACKINGNUMBER><ISINVOICE>Yes</ISINVOICE><MFGJOURNAL>No</MFGJOURNAL><HASDISCOUNTS>No</HASDISCOUNTS><ASPAYSLIP>No</ASPAYSLIP><ISCOSTCENTRE>No</ISCOSTCENTRE><ISSTXNONREALIZEDVCH>No</ISSTXNONREALIZEDVCH><ISEXCISEMANUFACTURERON>No</ISEXCISEMANUFACTURERON><ISBLANKCHEQUE>No</ISBLANKCHEQUE><ISVOID>No</ISVOID><ISONHOLD>No</ISONHOLD><ORDERLINESTATUS>No</ORDERLINESTATUS><VATISAGNSTCANCSALES>No</VATISAGNSTCANCSALES><VATISPURCEXEMPTED>No</VATISPURCEXEMPTED><ISVATRESTAXINVOICE>No</ISVATRESTAXINVOICE><VATISASSESABLECALCVCH>Yes</VATISASSESABLECALCVCH><ISVATDUTYPAID>Yes</ISVATDUTYPAID><ISDELIVERYSAMEASCONSIGNEE>No</ISDELIVERYSAMEASCONSIGNEE><ISDISPATCHSAMEASCONSIGNOR>No</ISDISPATCHSAMEASCONSIGNOR><ISDELETED>No</ISDELETED><CHANGEVCHMODE>No</CHANGEVCHMODE><ALTERID> </ALTERID><MASTERID> </MASTERID><VOUCHERKEY> </VOUCHERKEY><INVOICEORDERLIST.LIST><BASICORDERDATE>20251001</BASICORDERDATE><BASICPURCHASEORDERNO>406-0575493-1706743</BASICPURCHASEORDERNO></INVOICEORDERLIST.LIST><LEDGERENTRIES.LIST><OLDAUDITENTRYIDS.LIST TYPE="Number"><OLDAUDITENTRYIDS>-1</OLDAUDITENTRYIDS></OLDAUDITENTRYIDS.LIST><LEDGERNAME>Amazon.in</LEDGERNAME><ISDEEMEDPOSITIVE>Yes</ISDEEMEDPOSITIVE><LEDGERFROMITEM>No</LEDGERFROMITEM><REMOVEZEROENTRIES>No</REMOVEZEROENTRIES><ISPARTYLEDGER>Yes</ISPARTYLEDGER><ISLASTDEEMEDPOSITIVE>Yes</ISLASTDEEMEDPOSITIVE><AMOUNT>-1599.0</AMOUNT><BILLALLOCATIONS.LIST><NAME>406-0575493-1706743</NAME><BILLTYPE>New Ref</BILLTYPE><AMOUNT>-1599.0</AMOUNT></BILLALLOCATIONS.LIST></LEDGERENTRIES.LIST><LEDGERENTRIES.LIST><OLDAUDITENTRYIDS.LIST TYPE="Number"><OLDAUDITENTRYIDS>-1</OLDAUDITENTRYIDS></OLDAUDITENTRYIDS.LIST><APPROPRIATEFOR>GST</APPROPRIATEFOR><GSTAPPROPRIATETO>Goods and Services</GSTAPPROPRIATETO><EXCISEALLOCTYPE>Based on Value</EXCISEALLOCTYPE><LEDGERNAME>Shipping Charges</LEDGERNAME><GSTCLASS /><ISDEEMEDPOSITIVE>No</ISDEEMEDPOSITIVE><LEDGERFROMITEM>No</LEDGERFROMITEM><REMOVEZEROENTRIES>No</REMOVEZEROENTRIES><ISPARTYLEDGER>No</ISPARTYLEDGER><ISLASTDEEMEDPOSITIVE>No</ISLASTDEEMEDPOSITIVE><AMOUNT>33.90</AMOUNT><VATEXPAMOUNT>33.90</VATEXPAMOUNT><RATEDETAILS.LIST><GSTRATEDUTYHEAD>Integrated Tax</GSTRATEDUTYHEAD><GSTRATEVALUATIONTYPE>Based on Value</GSTRATEVALUATIONTYPE></RATEDETAILS.LIST><RATEDETAILS.LIST><GSTRATEDUTYHEAD>Central Tax</GSTRATEDUTYHEAD><GSTRATEVALUATIONTYPE>Based on Value</GSTRATEVALUATIONTYPE></RATEDETAILS.LIST><RATEDETAILS.LIST><GSTRATEDUTYHEAD>State Tax</GSTRATEDUTYHEAD><GSTRATEVALUATIONTYPE>Based on Value</GSTRATEVALUATIONTYPE></RATEDETAILS.LIST><RATEDETAILS.LIST><GSTRATEDUTYHEAD>Cess</GSTRATEDUTYHEAD><GSTRATEVALUATIONTYPE>Based on Value</GSTRATEVALUATIONTYPE></RATEDETAILS.LIST></LEDGERENTRIES.LIST><LEDGERENTRIES.LIST><OLDAUDITENTRYIDS.LIST TYPE="Number"><OLDAUDITENTRYIDS>-1</OLDAUDITENTRYIDS></OLDAUDITENTRYIDS.LIST><LEDGERNAME>ship-promotion-discount</LEDGERNAME><GSTCLASS /><ISDEEMEDPOSITIVE>No</ISDEEMEDPOSITIVE><LEDGERFROMITEM>No</LEDGERFROMITEM><REMOVEZEROENTRIES>No</REMOVEZEROENTRIES><ISPARTYLEDGER>No</ISPARTYLEDGER><ISLASTDEEMEDPOSITIVE>No</ISLASTDEEMEDPOSITIVE><AMOUNT>-33.90</AMOUNT><VATEXPAMOUNT>-33.90</VATEXPAMOUNT><RATEDETAILS.LIST><GSTRATEDUTYHEAD>Integrated Tax</GSTRATEDUTYHEAD><GSTRATEVALUATIONTYPE>Based on Value</GSTRATEVALUATIONTYPE></RATEDETAILS.LIST><RATEDETAILS.LIST><GSTRATEDUTYHEAD>Central Tax</GSTRATEDUTYHEAD><GSTRATEVALUATIONTYPE>Based on Value</GSTRATEVALUATIONTYPE></RATEDETAILS.LIST><RATEDETAILS.LIST><GSTRATEDUTYHEAD>State Tax</GSTRATEDUTYHEAD><GSTRATEVALUATIONTYPE>Based on Value</GSTRATEVALUATIONTYPE></RATEDETAILS.LIST><RATEDETAILS.LIST><GSTRATEDUTYHEAD>Cess</GSTRATEDUTYHEAD><GSTRATEVALUATIONTYPE>Based on Value</GSTRATEVALUATIONTYPE></RATEDETAILS.LIST></LEDGERENTRIES.LIST><LEDGERENTRIES.LIST><OLDAUDITENTRYIDS.LIST TYPE="Number"><OLDAUDITENTRYIDS>-1</OLDAUDITENTRYIDS></OLDAUDITENTRYIDS.LIST><LEDGERNAME>IGST @ 18%</LEDGERNAME><GSTCLASS /><ISDEEMEDPOSITIVE>No</ISDEEMEDPOSITIVE><LEDGERFROMITEM>No</LEDGERFROMITEM><REMOVEZEROENTRIES>No</REMOVEZEROENTRIES><ISPARTYLEDGER>No</ISPARTYLEDGER><ISLASTDEEMEDPOSITIVE>No</ISLASTDEEMEDPOSITIVE><AMOUNT>243.92</AMOUNT><VATEXPAMOUNT>243.92</VATEXPAMOUNT><RATEDETAILS.LIST><GSTRATEDUTYHEAD>Integrated Tax</GSTRATEDUTYHEAD><GSTRATEVALUATIONTYPE>Based on Value</GSTRATEVALUATIONTYPE></RATEDETAILS.LIST><RATEDETAILS.LIST><GSTRATEDUTYHEAD>Central Tax</GSTRATEDUTYHEAD><GSTRATEVALUATIONTYPE>Based on Value</GSTRATEVALUATIONTYPE></RATEDETAILS.LIST><RATEDETAILS.LIST><GSTRATEDUTYHEAD>State Tax</GSTRATEDUTYHEAD><GSTRATEVALUATIONTYPE>Based on Value</GSTRATEVALUATIONTYPE></RATEDETAILS.LIST><RATEDETAILS.LIST><GSTRATEDUTYHEAD>Cess</GSTRATEDUTYHEAD><GSTRATEVALUATIONTYPE>Based on Value</GSTRATEVALUATIONTYPE></RATEDETAILS.LIST></LEDGERENTRIES.LIST><ALLINVENTORYENTRIES.LIST><BASICUSERDESCRIPTION.LIST TYPE="String"><BASICUSERDESCRIPTION>Myaskro   Injection Training Pad With Blood Returning Vessles</BASICUSERDESCRIPTION></BASICUSERDESCRIPTION.LIST><STOCKITEMNAME>TAS-INJECTIONPAD02</STOCKITEMNAME><ISDEEMEDPOSITIVE>No</ISDEEMEDPOSITIVE><ISLASTDEEMEDPOSITIVE>No</ISLASTDEEMEDPOSITIVE><RATE>1355.08/Nos</RATE><AMOUNT>1355.08</AMOUNT><VATASSBLVALUE>1355.08</VATASSBLVALUE><ACTUALQTY>1 Nos</ACTUALQTY><BILLEDQTY>1 Nos</BILLEDQTY><BATCHALLOCATIONS.LIST><GODOWNNAME> Main location</GODOWNNAME><BATCHNAME>Primary Batch</BATCHNAME><DESTINATIONGODOWNNAME> Main location</DESTINATIONGODOWNNAME><AMOUNT>1355.08</AMOUNT><ACTUALQTY>1 Nos</ACTUALQTY><BILLEDQTY>1 Nos</BILLEDQTY></BATCHALLOCATIONS.LIST><ACCOUNTINGALLOCATIONS.LIST><OLDAUDITENTRYIDS.LIST TYPE="Number"><OLDAUDITENTRYIDS>-1</OLDAUDITENTRYIDS></OLDAUDITENTRYIDS.LIST><LEDGERNAME>Sales GST Interstate @ 18%</LEDGERNAME><GSTCLASS /><ISDEEMEDPOSITIVE>No</ISDEEMEDPOSITIVE><LEDGERFROMITEM>No</LEDGERFROMITEM><REMOVEZEROENTRIES>No</REMOVEZEROENTRIES><ISPARTYLEDGER>No</ISPARTYLEDGER><ISLASTDEEMEDPOSITIVE>No</ISLASTDEEMEDPOSITIVE><AMOUNT>1355.08</AMOUNT><RATEDETAILS.LIST><GSTRATEDUTYHEAD>Integrated Tax</GSTRATEDUTYHEAD><GSTRATEVALUATIONTYPE>Based on Value</GSTRATEVALUATIONTYPE></RATEDETAILS.LIST><RATEDETAILS.LIST><GSTRATEDUTYHEAD>Central Tax</GSTRATEDUTYHEAD><GSTRATEVALUATIONTYPE>Based on Value</GSTRATEVALUATIONTYPE></RATEDETAILS.LIST><RATEDETAILS.LIST><GSTRATEDUTYHEAD>State Tax</GSTRATEDUTYHEAD><GSTRATEVALUATIONTYPE>Based on Value</GSTRATEVALUATIONTYPE></RATEDETAILS.LIST><RATEDETAILS.LIST><GSTRATEDUTYHEAD>Cess</GSTRATEDUTYHEAD><GSTRATEVALUATIONTYPE>Based on Value</GSTRATEVALUATIONTYPE></RATEDETAILS.LIST></ACCOUNTINGALLOCATIONS.LIST></ALLINVENTORYENTRIES.LIST></VOUCHER></TALLYMESSAGE><TALLYMESSAGE xmlns:UDF="TallyUDF"><VOUCHER REMOTEID="" VCHKEY="" VCHTYPE="Amazon Sales" ACTION="Create" OBJVIEW="Invoice Voucher View"><STATENAME>West Bengal</STATENAME><PLACEOFSUPPLY>West Bengal</PLACEOFSUPPLY><URDORIGINALSALEVALUE>B2C (Small)</URDORIGINALSALEVALUE><BASICBUYERADDRESS.LIST TYPE="String"><BASICBUYERADDRESS>723101</BASICBUYERADDRESS></BASICBUYERADDRESS.LIST><OLDAUDITENTRYIDS.LIST TYPE="Number"><OLDAUDITENTRYIDS>-1</OLDAUDITENTRYIDS></OLDAUDITENTRYIDS.LIST><DATE>20251001</DATE><REFERENCEDATE /><GUID> </GUID><VATDEALERTYPE>Unregistered</VATDEALERTYPE><COUNTRYOFRESIDENCE>India</COUNTRYOFRESIDENCE><PARTYNAME>Amazon.in</PARTYNAME><BASICBUYERNAME>Amazon B2C Customer</BASICBUYERNAME><VOUCHERTYPENAME>Amazon Sales</VOUCHERTYPENAME><REFERENCE>405-6217933-4685967</REFERENCE><VOUCHERNUMBER>PKFZ-3870</VOUCHERNUMBER><IRN /><BILLTOPLACE /><SHIPTOPLACE>Puruliya</SHIPTOPLACE><PARTYPINCODE>723101</PARTYPINCODE><CONSIGNEEPINCODE>723101</CONSIGNEEPINCODE><PARTYLEDGERNAME>Amazon.in</PARTYLEDGERNAME><BASICBASEPARTYNAME>Amazon.in</BASICBASEPARTYNAME><FBTPAYMENTTYPE>Default</FBTPAYMENTTYPE><PERSISTEDVIEW>Invoice Voucher View</PERSISTEDVIEW><BASICORDERREF>AFN</BASICORDERREF><BASICDUEDATEOFPYMT>PayStation</BASICDUEDATEOFPYMT><GSTREGISTRATIONTYPE>Unregistered/Consumer</GSTREGISTRATIONTYPE><BASICFINALDESTINATION>Puruliya</BASICFINALDESTINATION><BASICDATETIMEOFINVOICE>01 Oct 25</BASICDATETIMEOFINVOICE><BASICDATETIMEOFREMOVAL>01 Oct 25</BASICDATETIMEOFREMOVAL><CONSIGNEESTATENAME>West Bengal</CONSIGNEESTATENAME><EFFECTIVEDATE>20251001</EFFECTIVEDATE><VCHGSTCLASS /><ENTEREDBY /><DIFFACTUALQTY>No</DIFFACTUALQTY><ISMSTFROMSYNC>No</ISMSTFROMSYNC><ASORIGINAL>No</ASORIGINAL><AUDITED>No</AUDITED><FORJOBCOSTING>No</FORJOBCOSTING><ISOPTIONAL>No</ISOPTIONAL><USEFOREXCISE>No</USEFOREXCISE><ISFORJOBWORKIN>No</ISFORJOBWORKIN><ALLOWCONSUMPTION>No</ALLOWCONSUMPTION><USEFORINTEREST>No</USEFORINTEREST><USEFORGAINLOSS>No</USEFORGAINLOSS><USEFORGODOWNTRANSFER>No</USEFORGODOWNTRANSFER><USEFORCOMPOUND>No</USEFORCOMPOUND><USEFORSERVICETAX>No</USEFORSERVICETAX><ISEXCISEVOUCHER>No</ISEXCISEVOUCHER><EXCISETAXOVERRIDE>No</EXCISETAXOVERRIDE><USEFORTAXUNITTRANSFER>No</USEFORTAXUNITTRANSFER><EXCISEOPENING>No</EXCISEOPENING><USEFORFINALPRODUCTION>No</USEFORFINALPRODUCTION><ISTDSOVERRIDDEN>No</ISTDSOVERRIDDEN><ISTCSOVERRIDDEN>No</ISTCSOVERRIDDEN><ISTDSTCSCASHVCH>No</ISTDSTCSCASHVCH><INCLUDEADVPYMTVCH>No</INCLUDEADVPYMTVCH><ISSUBWORKSCONTRACT>No</ISSUBWORKSCONTRACT><ISVATOVERRIDDEN>No</ISVATOVERRIDDEN><IGNOREORIGVCHDATE>No</IGNOREORIGVCHDATE><ISVATPAIDATCUSTOMS>No</ISVATPAIDATCUSTOMS><ISDECLAREDTOCUSTOMS>No</ISDECLAREDTOCUSTOMS><ISSERVICETAXOVERRIDDEN>No</ISSERVICETAXOVERRIDDEN><ISISDVOUCHER>No</ISISDVOUCHER><ISEXCISEOVERRIDDEN>No</ISEXCISEOVERRIDDEN><ISEXCISESUPPLYVCH>No</ISEXCISESUPPLYVCH><ISGSTOVERRIDDEN>No</ISGSTOVERRIDDEN><GSTNOTEXPORTED>No</GSTNOTEXPORTED><ISVATPRINCIPALACCOUNT>No</ISVATPRINCIPALACCOUNT><ISBOENOTAPPLICABLE>No</ISBOENOTAPPLICABLE><ISSHIPPINGWITHINSTATE>No</ISSHIPPINGWITHINSTATE><ISOVERSEASTOURISTTRANS>No</ISOVERSEASTOURISTTRANS><ISCANCELLED>No</ISCANCELLED><HASCASHFLOW>No</HASCASHFLOW><ISPOSTDATED>No</ISPOSTDATED><USETRACKINGNUMBER>No</USETRACKINGNUMBER><ISINVOICE>Yes</ISINVOICE><MFGJOURNAL>No</MFGJOURNAL><HASDISCOUNTS>No</HASDISCOUNTS><ASPAYSLIP>No</ASPAYSLIP><ISCOSTCENTRE>No</ISCOSTCENTRE><ISSTXNONREALIZEDVCH>No</ISSTXNONREALIZEDVCH><ISEXCISEMANUFACTURERON>No</ISEXCISEMANUFACTURERON><ISBLANKCHEQUE>No</ISBLANKCHEQUE><ISVOID>No</ISVOID><ISONHOLD>No</ISONHOLD><ORDERLINESTATUS>No</ORDERLINESTATUS><VATISAGNSTCANCSALES>No</VATISAGNSTCANCSALES><VATISPURCEXEMPTED>No</VATISPURCEXEMPTED><ISVATRESTAXINVOICE>No</ISVATRESTAXINVOICE><VATISASSESABLECALCVCH>Yes</VATISASSESABLECALCVCH><ISVATDUTYPAID>Yes</ISVATDUTYPAID><ISDELIVERYSAMEASCONSIGNEE>No</ISDELIVERYSAMEASCONSIGNEE><ISDISPATCHSAMEASCONSIGNOR>No</ISDISPATCHSAMEASCONSIGNOR><ISDELETED>No</ISDELETED><CHANGEVCHMODE>No</CHANGEVCHMODE><ALTERID> </ALTERID><MASTERID> </MASTERID><VOUCHERKEY> </VOUCHERKEY><INVOICEORDERLIST.LIST><BASICORDERDATE>20250930</BASICORDERDATE><BASICPURCHASEORDERNO>405-6217933-4685967</BASICPURCHASEORDERNO></INVOICEORDERLIST.LIST><LEDGERENTRIES.LIST><OLDAUDITENTRYIDS.LIST TYPE="Number"><OLDAUDITENTRYIDS>-1</OLDAUDITENTRYIDS></OLDAUDITENTRYIDS.LIST><LEDGERNAME>Amazon.in</LEDGERNAME><ISDEEMEDPOSITIVE>Yes</ISDEEMEDPOSITIVE><LEDGERFROMITEM>No</LEDGERFROMITEM><REMOVEZEROENTRIES>No</REMOVEZEROENTRIES><ISPARTYLEDGER>Yes</ISPARTYLEDGER><ISLASTDEEMEDPOSITIVE>Yes</ISLASTDEEMEDPOSITIVE><AMOUNT>-3999.0</AMOUNT><BILLALLOCATIONS.LIST><NAME>405-6217933-4685967</NAME><BILLTYPE>New Ref</BILLTYPE><AMOUNT>-3999.0</AMOUNT></BILLALLOCATIONS.LIST></LEDGERENTRIES.LIST><LEDGERENTRIES.LIST><OLDAUDITENTRYIDS.LIST TYPE="Number"><OLDAUDITENTRYIDS>-1</OLDAUDITENTRYIDS></OLDAUDITENTRYIDS.LIST><APPROPRIATEFOR>GST</APPROPRIATEFOR><GSTAPPROPRIATETO>Goods and Services</GSTAPPROPRIATETO><EXCISEALLOCTYPE>Based on Value</EXCISEALLOCTYPE><LEDGERNAME>Shipping Charges</LEDGERNAME><GSTCLASS /><ISDEEMEDPOSITIVE>No</ISDEEMEDPOSITIVE><LEDGERFROMITEM>No</LEDGERFROMITEM><REMOVEZEROENTRIES>No</REMOVEZEROENTRIES><ISPARTYLEDGER>No</ISPARTYLEDGER><ISLASTDEEMEDPOSITIVE>No</ISLASTDEEMEDPOSITIVE><AMOUNT>33.90</AMOUNT><VATEXPAMOUNT>33.90</VATEXPAMOUNT><RATEDETAILS.LIST><GSTRATEDUTYHEAD>Integrated Tax</GSTRATEDUTYHEAD><GSTRATEVALUATIONTYPE>Based on Value</GSTRATEVALUATIONTYPE></RATEDETAILS.LIST><RATEDETAILS.LIST><GSTRATEDUTYHEAD>Central Tax</GSTRATEDUTYHEAD><GSTRATEVALUATIONTYPE>Based on Value</GSTRATEVALUATIONTYPE></RATEDETAILS.LIST><RATEDETAILS.LIST><GSTRATEDUTYHEAD>State Tax</GSTRATEDUTYHEAD><GSTRATEVALUATIONTYPE>Based on Value</GSTRATEVALUATIONTYPE></RATEDETAILS.LIST><RATEDETAILS.LIST><GSTRATEDUTYHEAD>Cess</GSTRATEDUTYHEAD><GSTRATEVALUATIONTYPE>Based on Value</GSTRATEVALUATIONTYPE></RATEDETAILS.LIST></LEDGERENTRIES.LIST><LEDGERENTRIES.LIST><OLDAUDITENTRYIDS.LIST TYPE="Number"><OLDAUDITENTRYIDS>-1</OLDAUDITENTRYIDS></OLDAUDITENTRYIDS.LIST><LEDGERNAME>ship-promotion-discount</LEDGERNAME><GSTCLASS /><ISDEEMEDPOSITIVE>No</ISDEEMEDPOSITIVE><LEDGERFROMITEM>No</LEDGERFROMITEM><REMOVEZEROENTRIES>No</REMOVEZEROENTRIES><ISPARTYLEDGER>No</ISPARTYLEDGER><ISLASTDEEMEDPOSITIVE>No</ISLASTDEEMEDPOSITIVE><AMOUNT>-33.90</AMOUNT><VATEXPAMOUNT>-33.90</VATEXPAMOUNT><RATEDETAILS.LIST><GSTRATEDUTYHEAD>Integrated Tax</GSTRATEDUTYHEAD><GSTRATEVALUATIONTYPE>Based on Value</GSTRATEVALUATIONTYPE></RATEDETAILS.LIST><RATEDETAILS.LIST><GSTRATEDUTYHEAD>Central Tax</GSTRATEDUTYHEAD><GSTRATEVALUATIONTYPE>Based on Value</GSTRATEVALUATIONTYPE></RATEDETAILS.LIST><RATEDETAILS.LIST><GSTRATEDUTYHEAD>State Tax</GSTRATEDUTYHEAD><GSTRATEVALUATIONTYPE>Based on Value</GSTRATEVALUATIONTYPE></RATEDETAILS.LIST><RATEDETAILS.LIST><GSTRATEDUTYHEAD>Cess</GSTRATEDUTYHEAD><GSTRATEVALUATIONTYPE>Based on Value</GSTRATEVALUATIONTYPE></RATEDETAILS.LIST></LEDGERENTRIES.LIST><LEDGERENTRIES.LIST><OLDAUDITENTRYIDS.LIST TYPE="Number"><OLDAUDITENTRYIDS>-1</OLDAUDITENTRYIDS></OLDAUDITENTRYIDS.LIST><LEDGERNAME>IGST @ 18%</LEDGERNAME><GSTCLASS /><ISDEEMEDPOSITIVE>No</ISDEEMEDPOSITIVE><LEDGERFROMITEM>No</LEDGERFROMITEM><REMOVEZEROENTRIES>No</REMOVEZEROENTRIES><ISPARTYLEDGER>No</ISPARTYLEDGER><ISLASTDEEMEDPOSITIVE>No</ISLASTDEEMEDPOSITIVE><AMOUNT>610.02</AMOUNT><VATEXPAMOUNT>610.02</VATEXPAMOUNT><RATEDETAILS.LIST><GSTRATEDUTYHEAD>Integrated Tax</GSTRATEDUTYHEAD><GSTRATEVALUATIONTYPE>Based on Value</GSTRATEVALUATIONTYPE></RATEDETAILS.LIST><RATEDETAILS.LIST><GSTRATEDUTYHEAD>Central Tax</GSTRATEDUTYHEAD><GSTRATEVALUATIONTYPE>Based on Value</GSTRATEVALUATIONTYPE></RATEDETAILS.LIST><RATEDETAILS.LIST><GSTRATEDUTYHEAD>State Tax</GSTRATEDUTYHEAD><GSTRATEVALUATIONTYPE>Based on Value</GSTRATEVALUATIONTYPE></RATEDETAILS.LIST><RATEDETAILS.LIST><GSTRATEDUTYHEAD>Cess</GSTRATEDUTYHEAD><GSTRATEVALUATIONTYPE>Based on Value</GSTRATEVALUATIONTYPE></RATEDETAILS.LIST></LEDGERENTRIES.LIST><ALLINVENTORYENTRIES.LIST><BASICUSERDESCRIPTION.LIST TYPE="String"><BASICUSERDESCRIPTION>Myaskro    Spine Model  Knee Model  Shoulder Model  Premium Medical Quality  95  Anatomical Accuracy</BASICUSERDESCRIPTION></BASICUSERDESCRIPTION.LIST><STOCKITEMNAME>TAS-Combo001</STOCKITEMNAME><ISDEEMEDPOSITIVE>No</ISDEEMEDPOSITIVE><ISLASTDEEMEDPOSITIVE>No</ISLASTDEEMEDPOSITIVE><RATE>3388.98/Nos</RATE><AMOUNT>3388.98</AMOUNT><VATASSBLVALUE>3388.98</VATASSBLVALUE><ACTUALQTY>1 Nos</ACTUALQTY><BILLEDQTY>1 Nos</BILLEDQTY><BATCHALLOCATIONS.LIST><GODOWNNAME> Main location</GODOWNNAME><BATCHNAME>Primary Batch</BATCHNAME><DESTINATIONGODOWNNAME> Main location</DESTINATIONGODOWNNAME><AMOUNT>3388.98</AMOUNT><ACTUALQTY>1 Nos</ACTUALQTY><BILLEDQTY>1 Nos</BILLEDQTY></BATCHALLOCATIONS.LIST><ACCOUNTINGALLOCATIONS.LIST><OLDAUDITENTRYIDS.LIST TYPE="Number"><OLDAUDITENTRYIDS>-1</OLDAUDITENTRYIDS></OLDAUDITENTRYIDS.LIST><LEDGERNAME>Sales GST Interstate @ 18%</LEDGERNAME><GSTCLASS /><ISDEEMEDPOSITIVE>No</ISDEEMEDPOSITIVE><LEDGERFROMITEM>No</LEDGERFROMITEM><REMOVEZEROENTRIES>No</REMOVEZEROENTRIES><ISPARTYLEDGER>No</ISPARTYLEDGER><ISLASTDEEMEDPOSITIVE>No</ISLASTDEEMEDPOSITIVE><AMOUNT>3388.98</AMOUNT><RATEDETAILS.LIST><GSTRATEDUTYHEAD>Integrated Tax</GSTRATEDUTYHEAD><GSTRATEVALUATIONTYPE>Based on Value</GSTRATEVALUATIONTYPE></RATEDETAILS.LIST><RATEDETAILS.LIST><GSTRATEDUTYHEAD>Central Tax</GSTRATEDUTYHEAD><GSTRATEVALUATIONTYPE>Based on Value</GSTRATEVALUATIONTYPE></RATEDETAILS.LIST><RATEDETAILS.LIST><GSTRATEDUTYHEAD>State Tax</GSTRATEDUTYHEAD><GSTRATEVALUATIONTYPE>Based on Value</GSTRATEVALUATIONTYPE></RATEDETAILS.LIST><RATEDETAILS.LIST><GSTRATEDUTYHEAD>Cess</GSTRATEDUTYHEAD><GSTRATEVALUATIONTYPE>Based on Value</GSTRATEVALUATIONTYPE></RATEDETAILS.LIST></ACCOUNTINGALLOCATIONS.LIST></ALLINVENTORYENTRIES.LIST></VOUCHER></TALLYMESSAGE><TALLYMESSAGE xmlns:UDF="TallyUDF"><VOUCHER REMOTEID="" VCHKEY="" VCHTYPE="Amazon Sales" ACTION="Create" OBJVIEW="Invoice Voucher View"><STATENAME>Madhya Pradesh</STATENAME><PLACEOFSUPPLY>Madhya Pradesh</PLACEOFSUPPLY><URDORIGINALSALEVALUE>B2C (Small)</URDORIGINALSALEVALUE><BASICBUYERADDRESS.LIST TYPE="String"><BASICBUYERADDRESS>452016</BASICBUYERADDRESS></BASICBUYERADDRESS.LIST><OLDAUDITENTRYIDS.LIST TYPE="Number"><OLDAUDITENTRYIDS>-1</OLDAUDITENTRYIDS></OLDAUDITENTRYIDS.LIST><DATE>20251001</DATE><REFERENCEDATE /><GUID> </GUID><VATDEALERTYPE>Unregistered</VATDEALERTYPE><COUNTRYOFRESIDENCE>India</COUNTRYOFRESIDENCE><PARTYNAME>Amazon.in</PARTYNAME><BASICBUYERNAME>Amazon B2C Customer</BASICBUYERNAME><VOUCHERTYPENAME>Amazon Sales</VOUCHERTYPENAME><REFERENCE>407-6519513-0169952</REFERENCE><VOUCHERNUMBER>PKFZ-3873</VOUCHERNUMBER><IRN /><BILLTOPLACE /><SHIPTOPLACE>INDORE</SHIPTOPLACE><PARTYPINCODE>452016</PARTYPINCODE><CONSIGNEEPINCODE>452016</CONSIGNEEPINCODE><PARTYLEDGERNAME>Amazon.in</PARTYLEDGERNAME><BASICBASEPARTYNAME>Amazon.in</BASICBASEPARTYNAME><FBTPAYMENTTYPE>Default</FBTPAYMENTTYPE><PERSISTEDVIEW>Invoice Voucher View</PERSISTEDVIEW><BASICORDERREF>AFN</BASICORDERREF><BASICDUEDATEOFPYMT>POA_PayStation</BASICDUEDATEOFPYMT><GSTREGISTRATIONTYPE>Unregistered/Consumer</GSTREGISTRATIONTYPE><BASICFINALDESTINATION>INDORE</BASICFINALDESTINATION><BASICDATETIMEOFINVOICE>01 Oct 25</BASICDATETIMEOFINVOICE><BASICDATETIMEOFREMOVAL>01 Oct 25</BASICDATETIMEOFREMOVAL><CONSIGNEESTATENAME>Madhya Pradesh</CONSIGNEESTATENAME><EFFECTIVEDATE>20251001</EFFECTIVEDATE><VCHGSTCLASS /><ENTEREDBY /><DIFFACTUALQTY>No</DIFFACTUALQTY><ISMSTFROMSYNC>No</ISMSTFROMSYNC><ASORIGINAL>No</ASORIGINAL><AUDITED>No</AUDITED><FORJOBCOSTING>No</FORJOBCOSTING><ISOPTIONAL>No</ISOPTIONAL><USEFOREXCISE>No</USEFOREXCISE><ISFORJOBWORKIN>No</ISFORJOBWORKIN><ALLOWCONSUMPTION>No</ALLOWCONSUMPTION><USEFORINTEREST>No</USEFORINTEREST><USEFORGAINLOSS>No</USEFORGAINLOSS><USEFORGODOWNTRANSFER>No</USEFORGODOWNTRANSFER><USEFORCOMPOUND>No</USEFORCOMPOUND><USEFORSERVICETAX>No</USEFORSERVICETAX><ISEXCISEVOUCHER>No</ISEXCISEVOUCHER><EXCISETAXOVERRIDE>No</EXCISETAXOVERRIDE><USEFORTAXUNITTRANSFER>No</USEFORTAXUNITTRANSFER><EXCISEOPENING>No</EXCISEOPENING><USEFORFINALPRODUCTION>No</USEFORFINALPRODUCTION><ISTDSOVERRIDDEN>No</ISTDSOVERRIDDEN><ISTCSOVERRIDDEN>No</ISTCSOVERRIDDEN><ISTDSTCSCASHVCH>No</ISTDSTCSCASHVCH><INCLUDEADVPYMTVCH>No</INCLUDEADVPYMTVCH><ISSUBWORKSCONTRACT>No</ISSUBWORKSCONTRACT><ISVATOVERRIDDEN>No</ISVATOVERRIDDEN><IGNOREORIGVCHDATE>No</IGNOREORIGVCHDATE><ISVATPAIDATCUSTOMS>No</ISVATPAIDATCUSTOMS><ISDECLAREDTOCUSTOMS>No</ISDECLAREDTOCUSTOMS><ISSERVICETAXOVERRIDDEN>No</ISSERVICETAXOVERRIDDEN><ISISDVOUCHER>No</ISISDVOUCHER><ISEXCISEOVERRIDDEN>No</ISEXCISEOVERRIDDEN><ISEXCISESUPPLYVCH>No</ISEXCISESUPPLYVCH><ISGSTOVERRIDDEN>No</ISGSTOVERRIDDEN><GSTNOTEXPORTED>No</GSTNOTEXPORTED><ISVATPRINCIPALACCOUNT>No</ISVATPRINCIPALACCOUNT><ISBOENOTAPPLICABLE>No</ISBOENOTAPPLICABLE><ISSHIPPINGWITHINSTATE>No</ISSHIPPINGWITHINSTATE><ISOVERSEASTOURISTTRANS>No</ISOVERSEASTOURISTTRANS><ISCANCELLED>No</ISCANCELLED><HASCASHFLOW>No</HASCASHFLOW><ISPOSTDATED>No</ISPOSTDATED><USETRACKINGNUMBER>No</USETRACKINGNUMBER><ISINVOICE>Yes</ISINVOICE><MFGJOURNAL>No</MFGJOURNAL><HASDISCOUNTS>No</HASDISCOUNTS><ASPAYSLIP>No</ASPAYSLIP><ISCOSTCENTRE>No</ISCOSTCENTRE><ISSTXNONREALIZEDVCH>No</ISSTXNONREALIZEDVCH><ISEXCISEMANUFACTURERON>No</ISEXCISEMANUFACTURERON><ISBLANKCHEQUE>No</ISBLANKCHEQUE><ISVOID>No</ISVOID><ISONHOLD>No</ISONHOLD><ORDERLINESTATUS>No</ORDERLINESTATUS><VATISAGNSTCANCSALES>No</VATISAGNSTCANCSALES><VATISPURCEXEMPTED>No</VATISPURCEXEMPTED><ISVATRESTAXINVOICE>No</ISVATRESTAXINVOICE><VATISASSESABLECALCVCH>Yes</VATISASSESABLECALCVCH><ISVATDUTYPAID>Yes</ISVATDUTYPAID><ISDELIVERYSAMEASCONSIGNEE>No</ISDELIVERYSAMEASCONSIGNEE><ISDISPATCHSAMEASCONSIGNOR>No</ISDISPATCHSAMEASCONSIGNOR><ISDELETED>No</ISDELETED><CHANGEVCHMODE>No</CHANGEVCHMODE><ALTERID> </ALTERID><MASTERID> </MASTERID><VOUCHERKEY> </VOUCHERKEY><INVOICEORDERLIST.LIST><BASICORDERDATE>20251001</BASICORDERDATE><BASICPURCHASEORDERNO>407-6519513-0169952</BASICPURCHASEORDERNO></INVOICEORDERLIST.LIST><LEDGERENTRIES.LIST><OLDAUDITENTRYIDS.LIST TYPE="Number"><OLDAUDITENTRYIDS>-1</OLDAUDITENTRYIDS></OLDAUDITENTRYIDS.LIST><LEDGERNAME>Amazon.in</LEDGERNAME><ISDEEMEDPOSITIVE>Yes</ISDEEMEDPOSITIVE><LEDGERFROMITEM>No</LEDGERFROMITEM><REMOVEZEROENTRIES>No</REMOVEZEROENTRIES><ISPARTYLEDGER>Yes</ISPARTYLEDGER><ISLASTDEEMEDPOSITIVE>Yes</ISLASTDEEMEDPOSITIVE><AMOUNT>-2999.0</AMOUNT><BILLALLOCATIONS.LIST><NAME>407-6519513-0169952</NAME><BILLTYPE>New Ref</BILLTYPE><AMOUNT>-2999.0</AMOUNT></BILLALLOCATIONS.LIST></LEDGERENTRIES.LIST><LEDGERENTRIES.LIST><OLDAUDITENTRYIDS.LIST TYPE="Number"><OLDAUDITENTRYIDS>-1</OLDAUDITENTRYIDS></OLDAUDITENTRYIDS.LIST><APPROPRIATEFOR>GST</APPROPRIATEFOR><GSTAPPROPRIATETO>Goods and Services</GSTAPPROPRIATETO><EXCISEALLOCTYPE>Based on Value</EXCISEALLOCTYPE><LEDGERNAME>Shipping Charges</LEDGERNAME><GSTCLASS /><ISDEEMEDPOSITIVE>No</ISDEEMEDPOSITIVE><LEDGERFROMITEM>No</LEDGERFROMITEM><REMOVEZEROENTRIES>No</REMOVEZEROENTRIES><ISPARTYLEDGER>No</ISPARTYLEDGER><ISLASTDEEMEDPOSITIVE>No</ISLASTDEEMEDPOSITIVE><AMOUNT>33.90</AMOUNT><VATEXPAMOUNT>33.90</VATEXPAMOUNT><RATEDETAILS.LIST><GSTRATEDUTYHEAD>Integrated Tax</GSTRATEDUTYHEAD><GSTRATEVALUATIONTYPE>Based on Value</GSTRATEVALUATIONTYPE></RATEDETAILS.LIST><RATEDETAILS.LIST><GSTRATEDUTYHEAD>Central Tax</GSTRATEDUTYHEAD><GSTRATEVALUATIONTYPE>Based on Value</GSTRATEVALUATIONTYPE></RATEDETAILS.LIST><RATEDETAILS.LIST><GSTRATEDUTYHEAD>State Tax</GSTRATEDUTYHEAD><GSTRATEVALUATIONTYPE>Based on Value</GSTRATEVALUATIONTYPE></RATEDETAILS.LIST><RATEDETAILS.LIST><GSTRATEDUTYHEAD>Cess</GSTRATEDUTYHEAD><GSTRATEVALUATIONTYPE>Based on Value</GSTRATEVALUATIONTYPE></RATEDETAILS.LIST></LEDGERENTRIES.LIST><LEDGERENTRIES.LIST><OLDAUDITENTRYIDS.LIST TYPE="Number"><OLDAUDITENTRYIDS>-1</OLDAUDITENTRYIDS></OLDAUDITENTRYIDS.LIST><LEDGERNAME>ship-promotion-discount</LEDGERNAME><GSTCLASS /><ISDEEMEDPOSITIVE>No</ISDEEMEDPOSITIVE><LEDGERFROMITEM>No</LEDGERFROMITEM><REMOVEZEROENTRIES>No</REMOVEZEROENTRIES><ISPARTYLEDGER>No</ISPARTYLEDGER><ISLASTDEEMEDPOSITIVE>No</ISLASTDEEMEDPOSITIVE><AMOUNT>-33.90</AMOUNT><VATEXPAMOUNT>-33.90</VATEXPAMOUNT><RATEDETAILS.LIST><GSTRATEDUTYHEAD>Integrated Tax</GSTRATEDUTYHEAD><GSTRATEVALUATIONTYPE>Based on Value</GSTRATEVALUATIONTYPE></RATEDETAILS.LIST><RATEDETAILS.LIST><GSTRATEDUTYHEAD>Central Tax</GSTRATEDUTYHEAD><GSTRATEVALUATIONTYPE>Based on Value</GSTRATEVALUATIONTYPE></RATEDETAILS.LIST><RATEDETAILS.LIST><GSTRATEDUTYHEAD>State Tax</GSTRATEDUTYHEAD><GSTRATEVALUATIONTYPE>Based on Value</GSTRATEVALUATIONTYPE></RATEDETAILS.LIST><RATEDETAILS.LIST><GSTRATEDUTYHEAD>Cess</GSTRATEDUTYHEAD><GSTRATEVALUATIONTYPE>Based on Value</GSTRATEVALUATIONTYPE></RATEDETAILS.LIST></LEDGERENTRIES.LIST><LEDGERENTRIES.LIST><OLDAUDITENTRYIDS.LIST TYPE="Number"><OLDAUDITENTRYIDS>-1</OLDAUDITENTRYIDS></OLDAUDITENTRYIDS.LIST><LEDGERNAME>IGST @ 18%</LEDGERNAME><GSTCLASS /><ISDEEMEDPOSITIVE>No</ISDEEMEDPOSITIVE><LEDGERFROMITEM>No</LEDGERFROMITEM><REMOVEZEROENTRIES>No</REMOVEZEROENTRIES><ISPARTYLEDGER>No</ISPARTYLEDGER><ISLASTDEEMEDPOSITIVE>No</ISLASTDEEMEDPOSITIVE><AMOUNT>457.47</AMOUNT><VATEXPAMOUNT>457.47</VATEXPAMOUNT><RATEDETAILS.LIST><GSTRATEDUTYHEAD>Integrated Tax</GSTRATEDUTYHEAD><GSTRATEVALUATIONTYPE>Based on Value</GSTRATEVALUATIONTYPE></RATEDETAILS.LIST><RATEDETAILS.LIST><GSTRATEDUTYHEAD>Central Tax</GSTRATEDUTYHEAD><GSTRATEVALUATIONTYPE>Based on Value</GSTRATEVALUATIONTYPE></RATEDETAILS.LIST><RATEDETAILS.LIST><GSTRATEDUTYHEAD>State Tax</GSTRATEDUTYHEAD><GSTRATEVALUATIONTYPE>Based on Value</GSTRATEVALUATIONTYPE></RATEDETAILS.LIST><RATEDETAILS.LIST><GSTRATEDUTYHEAD>Cess</GSTRATEDUTYHEAD><GSTRATEVALUATIONTYPE>Based on Value</GSTRATEVALUATIONTYPE></RATEDETAILS.LIST></LEDGERENTRIES.LIST><ALLINVENTORYENTRIES.LIST><BASICUSERDESCRIPTION.LIST TYPE="String"><BASICUSERDESCRIPTION>Myaskro    Human Skin Anatomical Model  Made in USA    Enlarged 70x   Premium Quality   Deepen Your Knowledge of Human Skin with This Imported</BASICUSERDESCRIPTION></BASICUSERDESCRIPTION.LIST><STOCKITEMNAME>TAS-SKINL</STOCKITEMNAME><ISDEEMEDPOSITIVE>No</ISDEEMEDPOSITIVE><ISLASTDEEMEDPOSITIVE>No</ISLASTDEEMEDPOSITIVE><RATE>2541.53/Nos</RATE><AMOUNT>2541.53</AMOUNT><VATASSBLVALUE>2541.53</VATASSBLVALUE><ACTUALQTY>1 Nos</ACTUALQTY><BILLEDQTY>1 Nos</BILLEDQTY><BATCHALLOCATIONS.LIST><GODOWNNAME> Main location</GODOWNNAME><BATCHNAME>Primary Batch</BATCHNAME><DESTINATIONGODOWNNAME> Main location</DESTINATIONGODOWNNAME><AMOUNT>2541.53</AMOUNT><ACTUALQTY>1 Nos</ACTUALQTY><BILLEDQTY>1 Nos</BILLEDQTY></BATCHALLOCATIONS.LIST><ACCOUNTINGALLOCATIONS.LIST><OLDAUDITENTRYIDS.LIST TYPE="Number"><OLDAUDITENTRYIDS>-1</OLDAUDITENTRYIDS></OLDAUDITENTRYIDS.LIST><LEDGERNAME>Sales GST Interstate @ 18%</LEDGERNAME><GSTCLASS /><ISDEEMEDPOSITIVE>No</ISDEEMEDPOSITIVE><LEDGERFROMITEM>No</LEDGERFROMITEM><REMOVEZEROENTRIES>No</REMOVEZEROENTRIES><ISPARTYLEDGER>No</ISPARTYLEDGER><ISLASTDEEMEDPOSITIVE>No</ISLASTDEEMEDPOSITIVE><AMOUNT>2541.53</AMOUNT><RATEDETAILS.LIST><GSTRATEDUTYHEAD>Integrated Tax</GSTRATEDUTYHEAD><GSTRATEVALUATIONTYPE>Based on Value</GSTRATEVALUATIONTYPE></RATEDETAILS.LIST><RATEDETAILS.LIST><GSTRATEDUTYHEAD>Central Tax</GSTRATEDUTYHEAD><GSTRATEVALUATIONTYPE>Based on Value</GSTRATEVALUATIONTYPE></RATEDETAILS.LIST><RATEDETAILS.LIST><GSTRATEDUTYHEAD>State Tax</GSTRATEDUTYHEAD><GSTRATEVALUATIONTYPE>Based on Value</GSTRATEVALUATIONTYPE></RATEDETAILS.LIST><RATEDETAILS.LIST><GSTRATEDUTYHEAD>Cess</GSTRATEDUTYHEAD><GSTRATEVALUATIONTYPE>Based on Value</GSTRATEVALUATIONTYPE></RATEDETAILS.LIST></ACCOUNTINGALLOCATIONS.LIST></ALLINVENTORYENTRIES.LIST></VOUCHER></TALLYMESSAGE><TALLYMESSAGE xmlns:UDF="TallyUDF"><VOUCHER REMOTEID="" VCHKEY="" VCHTYPE="Amazon Sales" ACTION="Create" OBJVIEW="Invoice Voucher View"><STATENAME>West Bengal</STATENAME><PLACEOFSUPPLY>West Bengal</PLACEOFSUPPLY><URDORIGINALSALEVALUE>B2C (Small)</URDORIGINALSALEVALUE><BASICBUYERADDRESS.LIST TYPE="String"><BASICBUYERADDRESS>700143</BASICBUYERADDRESS></BASICBUYERADDRESS.LIST><OLDAUDITENTRYIDS.LIST TYPE="Number"><OLDAUDITENTRYIDS>-1</OLDAUDITENTRYIDS></OLDAUDITENTRYIDS.LIST><DATE>20251001</DATE><REFERENCEDATE /><GUID> </GUID><VATDEALERTYPE>Unregistered</VATDEALERTYPE><COUNTRYOFRESIDENCE>India</COUNTRYOFRESIDENCE><PARTYNAME>Amazon.in</PARTYNAME><BASICBUYERNAME>Amazon B2C Customer</BASICBUYERNAME><VOUCHERTYPENAME>Amazon Sales</VOUCHERTYPENAME><REFERENCE>407-8839072-0631538</REFERENCE><VOUCHERNUMBER>PKFZ-3876</VOUCHERNUMBER><IRN /><BILLTOPLACE /><SHIPTOPLACE>KOLKATA</SHIPTOPLACE><PARTYPINCODE>700143</PARTYPINCODE><CONSIGNEEPINCODE>700143</CONSIGNEEPINCODE><PARTYLEDGERNAME>Amazon.in</PARTYLEDGERNAME><BASICBASEPARTYNAME>Amazon.in</BASICBASEPARTYNAME><FBTPAYMENTTYPE>Default</FBTPAYMENTTYPE><PERSISTEDVIEW>Invoice Voucher View</PERSISTEDVIEW><BASICORDERREF>AFN</BASICORDERREF><BASICDUEDATEOFPYMT>COD</BASICDUEDATEOFPYMT><GSTREGISTRATIONTYPE>Unregistered/Consumer</GSTREGISTRATIONTYPE><BASICFINALDESTINATION>KOLKATA</BASICFINALDESTINATION><BASICDATETIMEOFINVOICE>01 Oct 25</BASICDATETIMEOFINVOICE><BASICDATETIMEOFREMOVAL>01 Oct 25</BASICDATETIMEOFREMOVAL><CONSIGNEESTATENAME>West Bengal</CONSIGNEESTATENAME><EFFECTIVEDATE>20251001</EFFECTIVEDATE><VCHGSTCLASS /><ENTEREDBY /><DIFFACTUALQTY>No</DIFFACTUALQTY><ISMSTFROMSYNC>No</ISMSTFROMSYNC><ASORIGINAL>No</ASORIGINAL><AUDITED>No</AUDITED><FORJOBCOSTING>No</FORJOBCOSTING><ISOPTIONAL>No</ISOPTIONAL><USEFOREXCISE>No</USEFOREXCISE><ISFORJOBWORKIN>No</ISFORJOBWORKIN><ALLOWCONSUMPTION>No</ALLOWCONSUMPTION><USEFORINTEREST>No</USEFORINTEREST><USEFORGAINLOSS>No</USEFORGAINLOSS><USEFORGODOWNTRANSFER>No</USEFORGODOWNTRANSFER><USEFORCOMPOUND>No</USEFORCOMPOUND><USEFORSERVICETAX>No</USEFORSERVICETAX><ISEXCISEVOUCHER>No</ISEXCISEVOUCHER><EXCISETAXOVERRIDE>No</EXCISETAXOVERRIDE><USEFORTAXUNITTRANSFER>No</USEFORTAXUNITTRANSFER><EXCISEOPENING>No</EXCISEOPENING><USEFORFINALPRODUCTION>No</USEFORFINALPRODUCTION><ISTDSOVERRIDDEN>No</ISTDSOVERRIDDEN><ISTCSOVERRIDDEN>No</ISTCSOVERRIDDEN><ISTDSTCSCASHVCH>No</ISTDSTCSCASHVCH><INCLUDEADVPYMTVCH>No</INCLUDEADVPYMTVCH><ISSUBWORKSCONTRACT>No</ISSUBWORKSCONTRACT><ISVATOVERRIDDEN>No</ISVATOVERRIDDEN><IGNOREORIGVCHDATE>No</IGNOREORIGVCHDATE><ISVATPAIDATCUSTOMS>No</ISVATPAIDATCUSTOMS><ISDECLAREDTOCUSTOMS>No</ISDECLAREDTOCUSTOMS><ISSERVICETAXOVERRIDDEN>No</ISSERVICETAXOVERRIDDEN><ISISDVOUCHER>No</ISISDVOUCHER><ISEXCISEOVERRIDDEN>No</ISEXCISEOVERRIDDEN><ISEXCISESUPPLYVCH>No</ISEXCISESUPPLYVCH><ISGSTOVERRIDDEN>No</ISGSTOVERRIDDEN><GSTNOTEXPORTED>No</GSTNOTEXPORTED><ISVATPRINCIPALACCOUNT>No</ISVATPRINCIPALACCOUNT><ISBOENOTAPPLICABLE>No</ISBOENOTAPPLICABLE><ISSHIPPINGWITHINSTATE>No</ISSHIPPINGWITHINSTATE><ISOVERSEASTOURISTTRANS>No</ISOVERSEASTOURISTTRANS><ISCANCELLED>No</ISCANCELLED><HASCASHFLOW>No</HASCASHFLOW><ISPOSTDATED>No</ISPOSTDATED><USETRACKINGNUMBER>No</USETRACKINGNUMBER><ISINVOICE>Yes</ISINVOICE><MFGJOURNAL>No</MFGJOURNAL><HASDISCOUNTS>No</HASDISCOUNTS><ASPAYSLIP>No</ASPAYSLIP><ISCOSTCENTRE>No</ISCOSTCENTRE><ISSTXNONREALIZEDVCH>No</ISSTXNONREALIZEDVCH><ISEXCISEMANUFACTURERON>No</ISEXCISEMANUFACTURERON><ISBLANKCHEQUE>No</ISBLANKCHEQUE><ISVOID>No</ISVOID><ISONHOLD>No</ISONHOLD><ORDERLINESTATUS>No</ORDERLINESTATUS><VATISAGNSTCANCSALES>No</VATISAGNSTCANCSALES><VATISPURCEXEMPTED>No</VATISPURCEXEMPTED><ISVATRESTAXINVOICE>No</ISVATRESTAXINVOICE><VATISASSESABLECALCVCH>Yes</VATISASSESABLECALCVCH><ISVATDUTYPAID>Yes</ISVATDUTYPAID><ISDELIVERYSAMEASCONSIGNEE>No</ISDELIVERYSAMEASCONSIGNEE><ISDISPATCHSAMEASCONSIGNOR>No</ISDISPATCHSAMEASCONSIGNOR><ISDELETED>No</ISDELETED><CHANGEVCHMODE>No</CHANGEVCHMODE><ALTERID> </ALTERID><MASTERID> </MASTERID><VOUCHERKEY> </VOUCHERKEY><INVOICEORDERLIST.LIST><BASICORDERDATE>20251001</BASICORDERDATE><BASICPURCHASEORDERNO>407-8839072-0631538</BASICPURCHASEORDERNO></INVOICEORDERLIST.LIST><LEDGERENTRIES.LIST><OLDAUDITENTRYIDS.LIST TYPE="Number"><OLDAUDITENTRYIDS>-1</OLDAUDITENTRYIDS></OLDAUDITENTRYIDS.LIST><LEDGERNAME>Amazon.in</LEDGERNAME><ISDEEMEDPOSITIVE>Yes</ISDEEMEDPOSITIVE><LEDGERFROMITEM>No</LEDGERFROMITEM><REMOVEZEROENTRIES>No</REMOVEZEROENTRIES><ISPARTYLEDGER>Yes</ISPARTYLEDGER><ISLASTDEEMEDPOSITIVE>Yes</ISLASTDEEMEDPOSITIVE><AMOUNT>-1899.0</AMOUNT><BILLALLOCATIONS.LIST><NAME>407-8839072-0631538</NAME><BILLTYPE>New Ref</BILLTYPE><AMOUNT>-1899.0</AMOUNT></BILLALLOCATIONS.LIST></LEDGERENTRIES.LIST><LEDGERENTRIES.LIST><OLDAUDITENTRYIDS.LIST TYPE="Number"><OLDAUDITENTRYIDS>-1</OLDAUDITENTRYIDS></OLDAUDITENTRYIDS.LIST><APPROPRIATEFOR>GST</APPROPRIATEFOR><GSTAPPROPRIATETO>Goods and Services</GSTAPPROPRIATETO><EXCISEALLOCTYPE>Based on Value</EXCISEALLOCTYPE><LEDGERNAME>Shipping Charges</LEDGERNAME><GSTCLASS /><ISDEEMEDPOSITIVE>No</ISDEEMEDPOSITIVE><LEDGERFROMITEM>No</LEDGERFROMITEM><REMOVEZEROENTRIES>No</REMOVEZEROENTRIES><ISPARTYLEDGER>No</ISPARTYLEDGER><ISLASTDEEMEDPOSITIVE>No</ISLASTDEEMEDPOSITIVE><AMOUNT>33.90</AMOUNT><VATEXPAMOUNT>33.90</VATEXPAMOUNT><RATEDETAILS.LIST><GSTRATEDUTYHEAD>Integrated Tax</GSTRATEDUTYHEAD><GSTRATEVALUATIONTYPE>Based on Value</GSTRATEVALUATIONTYPE></RATEDETAILS.LIST><RATEDETAILS.LIST><GSTRATEDUTYHEAD>Central Tax</GSTRATEDUTYHEAD><GSTRATEVALUATIONTYPE>Based on Value</GSTRATEVALUATIONTYPE></RATEDETAILS.LIST><RATEDETAILS.LIST><GSTRATEDUTYHEAD>State Tax</GSTRATEDUTYHEAD><GSTRATEVALUATIONTYPE>Based on Value</GSTRATEVALUATIONTYPE></RATEDETAILS.LIST><RATEDETAILS.LIST><GSTRATEDUTYHEAD>Cess</GSTRATEDUTYHEAD><GSTRATEVALUATIONTYPE>Based on Value</GSTRATEVALUATIONTYPE></RATEDETAILS.LIST></LEDGERENTRIES.LIST><LEDGERENTRIES.LIST><OLDAUDITENTRYIDS.LIST TYPE="Number"><OLDAUDITENTRYIDS>-1</OLDAUDITENTRYIDS></OLDAUDITENTRYIDS.LIST><LEDGERNAME>ship-promotion-discount</LEDGERNAME><GSTCLASS /><ISDEEMEDPOSITIVE>No</ISDEEMEDPOSITIVE><LEDGERFROMITEM>No</LEDGERFROMITEM><REMOVEZEROENTRIES>No</REMOVEZEROENTRIES><ISPARTYLEDGER>No</ISPARTYLEDGER><ISLASTDEEMEDPOSITIVE>No</ISLASTDEEMEDPOSITIVE><AMOUNT>-33.90</AMOUNT><VATEXPAMOUNT>-33.90</VATEXPAMOUNT><RATEDETAILS.LIST><GSTRATEDUTYHEAD>Integrated Tax</GSTRATEDUTYHEAD><GSTRATEVALUATIONTYPE>Based on Value</GSTRATEVALUATIONTYPE></RATEDETAILS.LIST><RATEDETAILS.LIST><GSTRATEDUTYHEAD>Central Tax</GSTRATEDUTYHEAD><GSTRATEVALUATIONTYPE>Based on Value</GSTRATEVALUATIONTYPE></RATEDETAILS.LIST><RATEDETAILS.LIST><GSTRATEDUTYHEAD>State Tax</GSTRATEDUTYHEAD><GSTRATEVALUATIONTYPE>Based on Value</GSTRATEVALUATIONTYPE></RATEDETAILS.LIST><RATEDETAILS.LIST><GSTRATEDUTYHEAD>Cess</GSTRATEDUTYHEAD><GSTRATEVALUATIONTYPE>Based on Value</GSTRATEVALUATIONTYPE></RATEDETAILS.LIST></LEDGERENTRIES.LIST><LEDGERENTRIES.LIST><OLDAUDITENTRYIDS.LIST TYPE="Number"><OLDAUDITENTRYIDS>-1</OLDAUDITENTRYIDS></OLDAUDITENTRYIDS.LIST><LEDGERNAME>IGST @ 18%</LEDGERNAME><GSTCLASS /><ISDEEMEDPOSITIVE>No</ISDEEMEDPOSITIVE><LEDGERFROMITEM>No</LEDGERFROMITEM><REMOVEZEROENTRIES>No</REMOVEZEROENTRIES><ISPARTYLEDGER>No</ISPARTYLEDGER><ISLASTDEEMEDPOSITIVE>No</ISLASTDEEMEDPOSITIVE><AMOUNT>289.68</AMOUNT><VATEXPAMOUNT>289.68</VATEXPAMOUNT><RATEDETAILS.LIST><GSTRATEDUTYHEAD>Integrated Tax</GSTRATEDUTYHEAD><GSTRATEVALUATIONTYPE>Based on Value</GSTRATEVALUATIONTYPE></RATEDETAILS.LIST><RATEDETAILS.LIST><GSTRATEDUTYHEAD>Central Tax</GSTRATEDUTYHEAD><GSTRATEVALUATIONTYPE>Based on Value</GSTRATEVALUATIONTYPE></RATEDETAILS.LIST><RATEDETAILS.LIST><GSTRATEDUTYHEAD>State Tax</GSTRATEDUTYHEAD><GSTRATEVALUATIONTYPE>Based on Value</GSTRATEVALUATIONTYPE></RATEDETAILS.LIST><RATEDETAILS.LIST><GSTRATEDUTYHEAD>Cess</GSTRATEDUTYHEAD><GSTRATEVALUATIONTYPE>Based on Value</GSTRATEVALUATIONTYPE></RATEDETAILS.LIST></LEDGERENTRIES.LIST><ALLINVENTORYENTRIES.LIST><BASICUSERDESCRIPTION.LIST TYPE="String"><BASICUSERDESCRIPTION>Myaskro    Extremely Detailed and Premium Skull Model  Landmarks are Numbered by Hand for Extreme Precision  All Details are Highlighted  fissures  p</BASICUSERDESCRIPTION></BASICUSERDESCRIPTION.LIST><STOCKITEMNAME>TAS-Skull008</STOCKITEMNAME><ISDEEMEDPOSITIVE>No</ISDEEMEDPOSITIVE><ISLASTDEEMEDPOSITIVE>No</ISLASTDEEMEDPOSITIVE><RATE>1609.32/Nos</RATE><AMOUNT>1609.32</AMOUNT><VATASSBLVALUE>1609.32</VATASSBLVALUE><ACTUALQTY>1 Nos</ACTUALQTY><BILLEDQTY>1 Nos</BILLEDQTY><BATCHALLOCATIONS.LIST><GODOWNNAME> Main location</GODOWNNAME><BATCHNAME>Primary Batch</BATCHNAME><DESTINATIONGODOWNNAME> Main location</DESTINATIONGODOWNNAME><AMOUNT>1609.32</AMOUNT><ACTUALQTY>1 Nos</ACTUALQTY><BILLEDQTY>1 Nos</BILLEDQTY></BATCHALLOCATIONS.LIST><ACCOUNTINGALLOCATIONS.LIST><OLDAUDITENTRYIDS.LIST TYPE="Number"><OLDAUDITENTRYIDS>-1</OLDAUDITENTRYIDS></OLDAUDITENTRYIDS.LIST><LEDGERNAME>Sales GST Interstate @ 18%</LEDGERNAME><GSTCLASS /><ISDEEMEDPOSITIVE>No</ISDEEMEDPOSITIVE><LEDGERFROMITEM>No</LEDGERFROMITEM><REMOVEZEROENTRIES>No</REMOVEZEROENTRIES><ISPARTYLEDGER>No</ISPARTYLEDGER><ISLASTDEEMEDPOSITIVE>No</ISLASTDEEMEDPOSITIVE><AMOUNT>1609.32</AMOUNT><RATEDETAILS.LIST><GSTRATEDUTYHEAD>Integrated Tax</GSTRATEDUTYHEAD><GSTRATEVALUATIONTYPE>Based on Value</GSTRATEVALUATIONTYPE></RATEDETAILS.LIST><RATEDETAILS.LIST><GSTRATEDUTYHEAD>Central Tax</GSTRATEDUTYHEAD><GSTRATEVALUATIONTYPE>Based on Value</GSTRATEVALUATIONTYPE></RATEDETAILS.LIST><RATEDETAILS.LIST><GSTRATEDUTYHEAD>State Tax</GSTRATEDUTYHEAD><GSTRATEVALUATIONTYPE>Based on Value</GSTRATEVALUATIONTYPE></RATEDETAILS.LIST><RATEDETAILS.LIST><GSTRATEDUTYHEAD>Cess</GSTRATEDUTYHEAD><GSTRATEVALUATIONTYPE>Based on Value</GSTRATEVALUATIONTYPE></RATEDETAILS.LIST></ACCOUNTINGALLOCATIONS.LIST></ALLINVENTORYENTRIES.LIST></VOUCHER></TALLYMESSAGE><TALLYMESSAGE xmlns:UDF="TallyUDF"><VOUCHER REMOTEID="" VCHKEY="" VCHTYPE="Amazon Sales" ACTION="Create" OBJVIEW="Invoice Voucher View"><STATENAME>Gujarat</STATENAME><PLACEOFSUPPLY>Gujarat</PLACEOFSUPPLY><URDORIGINALSALEVALUE>B2C (Small)</URDORIGINALSALEVALUE><BASICBUYERADDRESS.LIST TYPE="String"><BASICBUYERADDRESS>384151</BASICBUYERADDRESS></BASICBUYERADDRESS.LIST><OLDAUDITENTRYIDS.LIST TYPE="Number"><OLDAUDITENTRYIDS>-1</OLDAUDITENTRYIDS></OLDAUDITENTRYIDS.LIST><DATE>20251001</DATE><REFERENCEDATE /><GUID> </GUID><VATDEALERTYPE>Unregistered</VATDEALERTYPE><COUNTRYOFRESIDENCE>India</COUNTRYOFRESIDENCE><PARTYNAME>Amazon.in</PARTYNAME><BASICBUYERNAME>Amazon B2C Customer</BASICBUYERNAME><VOUCHERTYPENAME>Amazon Sales</VOUCHERTYPENAME><REFERENCE>404-9128252-5960322</REFERENCE><VOUCHERNUMBER>PKFZ-3875</VOUCHERNUMBER><IRN /><BILLTOPLACE /><SHIPTOPLACE>Sidhpur</SHIPTOPLACE><PARTYPINCODE>384151</PARTYPINCODE><CONSIGNEEPINCODE>384151</CONSIGNEEPINCODE><PARTYLEDGERNAME>Amazon.in</PARTYLEDGERNAME><BASICBASEPARTYNAME>Amazon.in</BASICBASEPARTYNAME><FBTPAYMENTTYPE>Default</FBTPAYMENTTYPE><PERSISTEDVIEW>Invoice Voucher View</PERSISTEDVIEW><BASICORDERREF>AFN</BASICORDERREF><BASICDUEDATEOFPYMT>COD</BASICDUEDATEOFPYMT><GSTREGISTRATIONTYPE>Unregistered/Consumer</GSTREGISTRATIONTYPE><BASICFINALDESTINATION>Sidhpur</BASICFINALDESTINATION><BASICDATETIMEOFINVOICE>01 Oct 25</BASICDATETIMEOFINVOICE><BASICDATETIMEOFREMOVAL>01 Oct 25</BASICDATETIMEOFREMOVAL><CONSIGNEESTATENAME>Gujarat</CONSIGNEESTATENAME><EFFECTIVEDATE>20251001</EFFECTIVEDATE><VCHGSTCLASS /><ENTEREDBY /><DIFFACTUALQTY>No</DIFFACTUALQTY><ISMSTFROMSYNC>No</ISMSTFROMSYNC><ASORIGINAL>No</ASORIGINAL><AUDITED>No</AUDITED><FORJOBCOSTING>No</FORJOBCOSTING><ISOPTIONAL>No</ISOPTIONAL><USEFOREXCISE>No</USEFOREXCISE><ISFORJOBWORKIN>No</ISFORJOBWORKIN><ALLOWCONSUMPTION>No</ALLOWCONSUMPTION><USEFORINTEREST>No</USEFORINTEREST><USEFORGAINLOSS>No</USEFORGAINLOSS><USEFORGODOWNTRANSFER>No</USEFORGODOWNTRANSFER><USEFORCOMPOUND>No</USEFORCOMPOUND><USEFORSERVICETAX>No</USEFORSERVICETAX><ISEXCISEVOUCHER>No</ISEXCISEVOUCHER><EXCISETAXOVERRIDE>No</EXCISETAXOVERRIDE><USEFORTAXUNITTRANSFER>No</USEFORTAXUNITTRANSFER><EXCISEOPENING>No</EXCISEOPENING><USEFORFINALPRODUCTION>No</USEFORFINALPRODUCTION><ISTDSOVERRIDDEN>No</ISTDSOVERRIDDEN><ISTCSOVERRIDDEN>No</ISTCSOVERRIDDEN><ISTDSTCSCASHVCH>No</ISTDSTCSCASHVCH><INCLUDEADVPYMTVCH>No</INCLUDEADVPYMTVCH><ISSUBWORKSCONTRACT>No</ISSUBWORKSCONTRACT><ISVATOVERRIDDEN>No</ISVATOVERRIDDEN><IGNOREORIGVCHDATE>No</IGNOREORIGVCHDATE><ISVATPAIDATCUSTOMS>No</ISVATPAIDATCUSTOMS><ISDECLAREDTOCUSTOMS>No</ISDECLAREDTOCUSTOMS><ISSERVICETAXOVERRIDDEN>No</ISSERVICETAXOVERRIDDEN><ISISDVOUCHER>No</ISISDVOUCHER><ISEXCISEOVERRIDDEN>No</ISEXCISEOVERRIDDEN><ISEXCISESUPPLYVCH>No</ISEXCISESUPPLYVCH><ISGSTOVERRIDDEN>No</ISGSTOVERRIDDEN><GSTNOTEXPORTED>No</GSTNOTEXPORTED><ISVATPRINCIPALACCOUNT>No</ISVATPRINCIPALACCOUNT><ISBOENOTAPPLICABLE>No</ISBOENOTAPPLICABLE><ISSHIPPINGWITHINSTATE>No</ISSHIPPINGWITHINSTATE><ISOVERSEASTOURISTTRANS>No</ISOVERSEASTOURISTTRANS><ISCANCELLED>No</ISCANCELLED><HASCASHFLOW>No</HASCASHFLOW><ISPOSTDATED>No</ISPOSTDATED><USETRACKINGNUMBER>No</USETRACKINGNUMBER><ISINVOICE>Yes</ISINVOICE><MFGJOURNAL>No</MFGJOURNAL><HASDISCOUNTS>No</HASDISCOUNTS><ASPAYSLIP>No</ASPAYSLIP><ISCOSTCENTRE>No</ISCOSTCENTRE><ISSTXNONREALIZEDVCH>No</ISSTXNONREALIZEDVCH><ISEXCISEMANUFACTURERON>No</ISEXCISEMANUFACTURERON><ISBLANKCHEQUE>No</ISBLANKCHEQUE><ISVOID>No</ISVOID><ISONHOLD>No</ISONHOLD><ORDERLINESTATUS>No</ORDERLINESTATUS><VATISAGNSTCANCSALES>No</VATISAGNSTCANCSALES><VATISPURCEXEMPTED>No</VATISPURCEXEMPTED><ISVATRESTAXINVOICE>No</ISVATRESTAXINVOICE><VATISASSESABLECALCVCH>Yes</VATISASSESABLECALCVCH><ISVATDUTYPAID>Yes</ISVATDUTYPAID><ISDELIVERYSAMEASCONSIGNEE>No</ISDELIVERYSAMEASCONSIGNEE><ISDISPATCHSAMEASCONSIGNOR>No</ISDISPATCHSAMEASCONSIGNOR><ISDELETED>No</ISDELETED><CHANGEVCHMODE>No</CHANGEVCHMODE><ALTERID> </ALTERID><MASTERID> </MASTERID><VOUCHERKEY> </VOUCHERKEY><INVOICEORDERLIST.LIST><BASICORDERDATE>20251001</BASICORDERDATE><BASICPURCHASEORDERNO>404-9128252-5960322</BASICPURCHASEORDERNO></INVOICEORDERLIST.LIST><LEDGERENTRIES.LIST><OLDAUDITENTRYIDS.LIST TYPE="Number"><OLDAUDITENTRYIDS>-1</OLDAUDITENTRYIDS></OLDAUDITENTRYIDS.LIST><LEDGERNAME>Amazon.in</LEDGERNAME><ISDEEMEDPOSITIVE>Yes</ISDEEMEDPOSITIVE><LEDGERFROMITEM>No</LEDGERFROMITEM><REMOVEZEROENTRIES>No</REMOVEZEROENTRIES><ISPARTYLEDGER>Yes</ISPARTYLEDGER><ISLASTDEEMEDPOSITIVE>Yes</ISLASTDEEMEDPOSITIVE><AMOUNT>-1399.0</AMOUNT><BILLALLOCATIONS.LIST><NAME>404-9128252-5960322</NAME><BILLTYPE>New Ref</BILLTYPE><AMOUNT>-1399.0</AMOUNT></BILLALLOCATIONS.LIST></LEDGERENTRIES.LIST><LEDGERENTRIES.LIST><OLDAUDITENTRYIDS.LIST TYPE="Number"><OLDAUDITENTRYIDS>-1</OLDAUDITENTRYIDS></OLDAUDITENTRYIDS.LIST><APPROPRIATEFOR>GST</APPROPRIATEFOR><GSTAPPROPRIATETO>Goods and Services</GSTAPPROPRIATETO><EXCISEALLOCTYPE>Based on Value</EXCISEALLOCTYPE><LEDGERNAME>Shipping Charges</LEDGERNAME><GSTCLASS /><ISDEEMEDPOSITIVE>No</ISDEEMEDPOSITIVE><LEDGERFROMITEM>No</LEDGERFROMITEM><REMOVEZEROENTRIES>No</REMOVEZEROENTRIES><ISPARTYLEDGER>No</ISPARTYLEDGER><ISLASTDEEMEDPOSITIVE>No</ISLASTDEEMEDPOSITIVE><AMOUNT>33.90</AMOUNT><VATEXPAMOUNT>33.90</VATEXPAMOUNT><RATEDETAILS.LIST><GSTRATEDUTYHEAD>Integrated Tax</GSTRATEDUTYHEAD><GSTRATEVALUATIONTYPE>Based on Value</GSTRATEVALUATIONTYPE></RATEDETAILS.LIST><RATEDETAILS.LIST><GSTRATEDUTYHEAD>Central Tax</GSTRATEDUTYHEAD><GSTRATEVALUATIONTYPE>Based on Value</GSTRATEVALUATIONTYPE></RATEDETAILS.LIST><RATEDETAILS.LIST><GSTRATEDUTYHEAD>State Tax</GSTRATEDUTYHEAD><GSTRATEVALUATIONTYPE>Based on Value</GSTRATEVALUATIONTYPE></RATEDETAILS.LIST><RATEDETAILS.LIST><GSTRATEDUTYHEAD>Cess</GSTRATEDUTYHEAD><GSTRATEVALUATIONTYPE>Based on Value</GSTRATEVALUATIONTYPE></RATEDETAILS.LIST></LEDGERENTRIES.LIST><LEDGERENTRIES.LIST><OLDAUDITENTRYIDS.LIST TYPE="Number"><OLDAUDITENTRYIDS>-1</OLDAUDITENTRYIDS></OLDAUDITENTRYIDS.LIST><LEDGERNAME>ship-promotion-discount</LEDGERNAME><GSTCLASS /><ISDEEMEDPOSITIVE>No</ISDEEMEDPOSITIVE><LEDGERFROMITEM>No</LEDGERFROMITEM><REMOVEZEROENTRIES>No</REMOVEZEROENTRIES><ISPARTYLEDGER>No</ISPARTYLEDGER><ISLASTDEEMEDPOSITIVE>No</ISLASTDEEMEDPOSITIVE><AMOUNT>-33.90</AMOUNT><VATEXPAMOUNT>-33.90</VATEXPAMOUNT><RATEDETAILS.LIST><GSTRATEDUTYHEAD>Integrated Tax</GSTRATEDUTYHEAD><GSTRATEVALUATIONTYPE>Based on Value</GSTRATEVALUATIONTYPE></RATEDETAILS.LIST><RATEDETAILS.LIST><GSTRATEDUTYHEAD>Central Tax</GSTRATEDUTYHEAD><GSTRATEVALUATIONTYPE>Based on Value</GSTRATEVALUATIONTYPE></RATEDETAILS.LIST><RATEDETAILS.LIST><GSTRATEDUTYHEAD>State Tax</GSTRATEDUTYHEAD><GSTRATEVALUATIONTYPE>Based on Value</GSTRATEVALUATIONTYPE></RATEDETAILS.LIST><RATEDETAILS.LIST><GSTRATEDUTYHEAD>Cess</GSTRATEDUTYHEAD><GSTRATEVALUATIONTYPE>Based on Value</GSTRATEVALUATIONTYPE></RATEDETAILS.LIST></LEDGERENTRIES.LIST><LEDGERENTRIES.LIST><OLDAUDITENTRYIDS.LIST TYPE="Number"><OLDAUDITENTRYIDS>-1</OLDAUDITENTRYIDS></OLDAUDITENTRYIDS.LIST><LEDGERNAME>IGST @ 18%</LEDGERNAME><GSTCLASS /><ISDEEMEDPOSITIVE>No</ISDEEMEDPOSITIVE><LEDGERFROMITEM>No</LEDGERFROMITEM><REMOVEZEROENTRIES>No</REMOVEZEROENTRIES><ISPARTYLEDGER>No</ISPARTYLEDGER><ISLASTDEEMEDPOSITIVE>No</ISLASTDEEMEDPOSITIVE><AMOUNT>213.41</AMOUNT><VATEXPAMOUNT>213.41</VATEXPAMOUNT><RATEDETAILS.LIST><GSTRATEDUTYHEAD>Integrated Tax</GSTRATEDUTYHEAD><GSTRATEVALUATIONTYPE>Based on Value</GSTRATEVALUATIONTYPE></RATEDETAILS.LIST><RATEDETAILS.LIST><GSTRATEDUTYHEAD>Central Tax</GSTRATEDUTYHEAD><GSTRATEVALUATIONTYPE>Based on Value</GSTRATEVALUATIONTYPE></RATEDETAILS.LIST><RATEDETAILS.LIST><GSTRATEDUTYHEAD>State Tax</GSTRATEDUTYHEAD><GSTRATEVALUATIONTYPE>Based on Value</GSTRATEVALUATIONTYPE></RATEDETAILS.LIST><RATEDETAILS.LIST><GSTRATEDUTYHEAD>Cess</GSTRATEDUTYHEAD><GSTRATEVALUATIONTYPE>Based on Value</GSTRATEVALUATIONTYPE></RATEDETAILS.LIST></LEDGERENTRIES.LIST><ALLINVENTORYENTRIES.LIST><BASICUSERDESCRIPTION.LIST TYPE="String"><BASICUSERDESCRIPTION>Myaskro    Fetus Skull Model   With Articulating Jaw   Premium Anatomical Model</BASICUSERDESCRIPTION></BASICUSERDESCRIPTION.LIST><STOCKITEMNAME>TAS-FETAL01</STOCKITEMNAME><ISDEEMEDPOSITIVE>No</ISDEEMEDPOSITIVE><ISLASTDEEMEDPOSITIVE>No</ISLASTDEEMEDPOSITIVE><RATE>1185.59/Nos</RATE><AMOUNT>1185.59</AMOUNT><VATASSBLVALUE>1185.59</VATASSBLVALUE><ACTUALQTY>1 Nos</ACTUALQTY><BILLEDQTY>1 Nos</BILLEDQTY><BATCHALLOCATIONS.LIST><GODOWNNAME> Main location</GODOWNNAME><BATCHNAME>Primary Batch</BATCHNAME><DESTINATIONGODOWNNAME> Main location</DESTINATIONGODOWNNAME><AMOUNT>1185.59</AMOUNT><ACTUALQTY>1 Nos</ACTUALQTY><BILLEDQTY>1 Nos</BILLEDQTY></BATCHALLOCATIONS.LIST><ACCOUNTINGALLOCATIONS.LIST><OLDAUDITENTRYIDS.LIST TYPE="Number"><OLDAUDITENTRYIDS>-1</OLDAUDITENTRYIDS></OLDAUDITENTRYIDS.LIST><LEDGERNAME>Sales GST Interstate @ 18%</LEDGERNAME><GSTCLASS /><ISDEEMEDPOSITIVE>No</ISDEEMEDPOSITIVE><LEDGERFROMITEM>No</LEDGERFROMITEM><REMOVEZEROENTRIES>No</REMOVEZEROENTRIES><ISPARTYLEDGER>No</ISPARTYLEDGER><ISLASTDEEMEDPOSITIVE>No</ISLASTDEEMEDPOSITIVE><AMOUNT>1185.59</AMOUNT><RATEDETAILS.LIST><GSTRATEDUTYHEAD>Integrated Tax</GSTRATEDUTYHEAD><GSTRATEVALUATIONTYPE>Based on Value</GSTRATEVALUATIONTYPE></RATEDETAILS.LIST><RATEDETAILS.LIST><GSTRATEDUTYHEAD>Central Tax</GSTRATEDUTYHEAD><GSTRATEVALUATIONTYPE>Based on Value</GSTRATEVALUATIONTYPE></RATEDETAILS.LIST><RATEDETAILS.LIST><GSTRATEDUTYHEAD>State Tax</GSTRATEDUTYHEAD><GSTRATEVALUATIONTYPE>Based on Value</GSTRATEVALUATIONTYPE></RATEDETAILS.LIST><RATEDETAILS.LIST><GSTRATEDUTYHEAD>Cess</GSTRATEDUTYHEAD><GSTRATEVALUATIONTYPE>Based on Value</GSTRATEVALUATIONTYPE></RATEDETAILS.LIST></ACCOUNTINGALLOCATIONS.LIST></ALLINVENTORYENTRIES.LIST></VOUCHER></TALLYMESSAGE><TALLYMESSAGE xmlns:UDF="TallyUDF"><VOUCHER REMOTEID="" VCHKEY="" VCHTYPE="Amazon Sales" ACTION="Create" OBJVIEW="Invoice Voucher View"><STATENAME>Uttar Pradesh</STATENAME><PLACEOFSUPPLY>Uttar Pradesh</PLACEOFSUPPLY><URDORIGINALSALEVALUE>B2C (Small)</URDORIGINALSALEVALUE><BASICBUYERADDRESS.LIST TYPE="String"><BASICBUYERADDRESS>282007</BASICBUYERADDRESS></BASICBUYERADDRESS.LIST><OLDAUDITENTRYIDS.LIST TYPE="Number"><OLDAUDITENTRYIDS>-1</OLDAUDITENTRYIDS></OLDAUDITENTRYIDS.LIST><DATE>20251002</DATE><REFERENCEDATE /><GUID> </GUID><VATDEALERTYPE>Unregistered</VATDEALERTYPE><COUNTRYOFRESIDENCE>India</COUNTRYOFRESIDENCE><PARTYNAME>Amazon.in</PARTYNAME><BASICBUYERNAME>Amazon B2C Customer</BASICBUYERNAME><VOUCHERTYPENAME>Amazon Sales</VOUCHERTYPENAME><REFERENCE>404-0269927-9737969</REFERENCE><VOUCHERNUMBER>PKFZ-3897</VOUCHERNUMBER><IRN /><BILLTOPLACE /><SHIPTOPLACE>AGRA</SHIPTOPLACE><PARTYPINCODE>282007</PARTYPINCODE><CONSIGNEEPINCODE>282007</CONSIGNEEPINCODE><PARTYLEDGERNAME>Amazon.in</PARTYLEDGERNAME><BASICBASEPARTYNAME>Amazon.in</BASICBASEPARTYNAME><FBTPAYMENTTYPE>Default</FBTPAYMENTTYPE><PERSISTEDVIEW>Invoice Voucher View</PERSISTEDVIEW><BASICORDERREF>AFN</BASICORDERREF><BASICDUEDATEOFPYMT>COD</BASICDUEDATEOFPYMT><GSTREGISTRATIONTYPE>Unregistered/Consumer</GSTREGISTRATIONTYPE><BASICFINALDESTINATION>AGRA</BASICFINALDESTINATION><BASICDATETIMEOFINVOICE>02 Oct 25</BASICDATETIMEOFINVOICE><BASICDATETIMEOFREMOVAL>02 Oct 25</BASICDATETIMEOFREMOVAL><CONSIGNEESTATENAME>Uttar Pradesh</CONSIGNEESTATENAME><EFFECTIVEDATE>20251002</EFFECTIVEDATE><VCHGSTCLASS /><ENTEREDBY /><DIFFACTUALQTY>No</DIFFACTUALQTY><ISMSTFROMSYNC>No</ISMSTFROMSYNC><ASORIGINAL>No</ASORIGINAL><AUDITED>No</AUDITED><FORJOBCOSTING>No</FORJOBCOSTING><ISOPTIONAL>No</ISOPTIONAL><USEFOREXCISE>No</USEFOREXCISE><ISFORJOBWORKIN>No</ISFORJOBWORKIN><ALLOWCONSUMPTION>No</ALLOWCONSUMPTION><USEFORINTEREST>No</USEFORINTEREST><USEFORGAINLOSS>No</USEFORGAINLOSS><USEFORGODOWNTRANSFER>No</USEFORGODOWNTRANSFER><USEFORCOMPOUND>No</USEFORCOMPOUND><USEFORSERVICETAX>No</USEFORSERVICETAX><ISEXCISEVOUCHER>No</ISEXCISEVOUCHER><EXCISETAXOVERRIDE>No</EXCISETAXOVERRIDE><USEFORTAXUNITTRANSFER>No</USEFORTAXUNITTRANSFER><EXCISEOPENING>No</EXCISEOPENING><USEFORFINALPRODUCTION>No</USEFORFINALPRODUCTION><ISTDSOVERRIDDEN>No</ISTDSOVERRIDDEN><ISTCSOVERRIDDEN>No</ISTCSOVERRIDDEN><ISTDSTCSCASHVCH>No</ISTDSTCSCASHVCH><INCLUDEADVPYMTVCH>No</INCLUDEADVPYMTVCH><ISSUBWORKSCONTRACT>No</ISSUBWORKSCONTRACT><ISVATOVERRIDDEN>No</ISVATOVERRIDDEN><IGNOREORIGVCHDATE>No</IGNOREORIGVCHDATE><ISVATPAIDATCUSTOMS>No</ISVATPAIDATCUSTOMS><ISDECLAREDTOCUSTOMS>No</ISDECLAREDTOCUSTOMS><ISSERVICETAXOVERRIDDEN>No</ISSERVICETAXOVERRIDDEN><ISISDVOUCHER>No</ISISDVOUCHER><ISEXCISEOVERRIDDEN>No</ISEXCISEOVERRIDDEN><ISEXCISESUPPLYVCH>No</ISEXCISESUPPLYVCH><ISGSTOVERRIDDEN>No</ISGSTOVERRIDDEN><GSTNOTEXPORTED>No</GSTNOTEXPORTED><ISVATPRINCIPALACCOUNT>No</ISVATPRINCIPALACCOUNT><ISBOENOTAPPLICABLE>No</ISBOENOTAPPLICABLE><ISSHIPPINGWITHINSTATE>No</ISSHIPPINGWITHINSTATE><ISOVERSEASTOURISTTRANS>No</ISOVERSEASTOURISTTRANS><ISCANCELLED>No</ISCANCELLED><HASCASHFLOW>No</HASCASHFLOW><ISPOSTDATED>No</ISPOSTDATED><USETRACKINGNUMBER>No</USETRACKINGNUMBER><ISINVOICE>Yes</ISINVOICE><MFGJOURNAL>No</MFGJOURNAL><HASDISCOUNTS>No</HASDISCOUNTS><ASPAYSLIP>No</ASPAYSLIP><ISCOSTCENTRE>No</ISCOSTCENTRE><ISSTXNONREALIZEDVCH>No</ISSTXNONREALIZEDVCH><ISEXCISEMANUFACTURERON>No</ISEXCISEMANUFACTURERON><ISBLANKCHEQUE>No</ISBLANKCHEQUE><ISVOID>No</ISVOID><ISONHOLD>No</ISONHOLD><ORDERLINESTATUS>No</ORDERLINESTATUS><VATISAGNSTCANCSALES>No</VATISAGNSTCANCSALES><VATISPURCEXEMPTED>No</VATISPURCEXEMPTED><ISVATRESTAXINVOICE>No</ISVATRESTAXINVOICE><VATISASSESABLECALCVCH>Yes</VATISASSESABLECALCVCH><ISVATDUTYPAID>Yes</ISVATDUTYPAID><ISDELIVERYSAMEASCONSIGNEE>No</ISDELIVERYSAMEASCONSIGNEE><ISDISPATCHSAMEASCONSIGNOR>No</ISDISPATCHSAMEASCONSIGNOR><ISDELETED>No</ISDELETED><CHANGEVCHMODE>No</CHANGEVCHMODE><ALTERID> </ALTERID><MASTERID> </MASTERID><VOUCHERKEY> </VOUCHERKEY><INVOICEORDERLIST.LIST><BASICORDERDATE>20251002</BASICORDERDATE><BASICPURCHASEORDERNO>404-0269927-9737969</BASICPURCHASEORDERNO></INVOICEORDERLIST.LIST><LEDGERENTRIES.LIST><OLDAUDITENTRYIDS.LIST TYPE="Number"><OLDAUDITENTRYIDS>-1</OLDAUDITENTRYIDS></OLDAUDITENTRYIDS.LIST><LEDGERNAME>Amazon.in</LEDGERNAME><ISDEEMEDPOSITIVE>Yes</ISDEEMEDPOSITIVE><LEDGERFROMITEM>No</LEDGERFROMITEM><REMOVEZEROENTRIES>No</REMOVEZEROENTRIES><ISPARTYLEDGER>Yes</ISPARTYLEDGER><ISLASTDEEMEDPOSITIVE>Yes</ISLASTDEEMEDPOSITIVE><AMOUNT>-799.0</AMOUNT><BILLALLOCATIONS.LIST><NAME>404-0269927-9737969</NAME><BILLTYPE>New Ref</BILLTYPE><AMOUNT>-799.0</AMOUNT></BILLALLOCATIONS.LIST></LEDGERENTRIES.LIST><LEDGERENTRIES.LIST><OLDAUDITENTRYIDS.LIST TYPE="Number"><OLDAUDITENTRYIDS>-1</OLDAUDITENTRYIDS></OLDAUDITENTRYIDS.LIST><APPROPRIATEFOR>GST</APPROPRIATEFOR><GSTAPPROPRIATETO>Goods and Services</GSTAPPROPRIATETO><EXCISEALLOCTYPE>Based on Value</EXCISEALLOCTYPE><LEDGERNAME>Shipping Charges</LEDGERNAME><GSTCLASS /><ISDEEMEDPOSITIVE>No</ISDEEMEDPOSITIVE><LEDGERFROMITEM>No</LEDGERFROMITEM><REMOVEZEROENTRIES>No</REMOVEZEROENTRIES><ISPARTYLEDGER>No</ISPARTYLEDGER><ISLASTDEEMEDPOSITIVE>No</ISLASTDEEMEDPOSITIVE><AMOUNT>33.90</AMOUNT><VATEXPAMOUNT>33.90</VATEXPAMOUNT><RATEDETAILS.LIST><GSTRATEDUTYHEAD>Integrated Tax</GSTRATEDUTYHEAD><GSTRATEVALUATIONTYPE>Based on Value</GSTRATEVALUATIONTYPE></RATEDETAILS.LIST><RATEDETAILS.LIST><GSTRATEDUTYHEAD>Central Tax</GSTRATEDUTYHEAD><GSTRATEVALUATIONTYPE>Based on Value</GSTRATEVALUATIONTYPE></RATEDETAILS.LIST><RATEDETAILS.LIST><GSTRATEDUTYHEAD>State Tax</GSTRATEDUTYHEAD><GSTRATEVALUATIONTYPE>Based on Value</GSTRATEVALUATIONTYPE></RATEDETAILS.LIST><RATEDETAILS.LIST><GSTRATEDUTYHEAD>Cess</GSTRATEDUTYHEAD><GSTRATEVALUATIONTYPE>Based on Value</GSTRATEVALUATIONTYPE></RATEDETAILS.LIST></LEDGERENTRIES.LIST><LEDGERENTRIES.LIST><OLDAUDITENTRYIDS.LIST TYPE="Number"><OLDAUDITENTRYIDS>-1</OLDAUDITENTRYIDS></OLDAUDITENTRYIDS.LIST><LEDGERNAME>ship-promotion-discount</LEDGERNAME><GSTCLASS /><ISDEEMEDPOSITIVE>No</ISDEEMEDPOSITIVE><LEDGERFROMITEM>No</LEDGERFROMITEM><REMOVEZEROENTRIES>No</REMOVEZEROENTRIES><ISPARTYLEDGER>No</ISPARTYLEDGER><ISLASTDEEMEDPOSITIVE>No</ISLASTDEEMEDPOSITIVE><AMOUNT>-33.90</AMOUNT><VATEXPAMOUNT>-33.90</VATEXPAMOUNT><RATEDETAILS.LIST><GSTRATEDUTYHEAD>Integrated Tax</GSTRATEDUTYHEAD><GSTRATEVALUATIONTYPE>Based on Value</GSTRATEVALUATIONTYPE></RATEDETAILS.LIST><RATEDETAILS.LIST><GSTRATEDUTYHEAD>Central Tax</GSTRATEDUTYHEAD><GSTRATEVALUATIONTYPE>Based on Value</GSTRATEVALUATIONTYPE></RATEDETAILS.LIST><RATEDETAILS.LIST><GSTRATEDUTYHEAD>State Tax</GSTRATEDUTYHEAD><GSTRATEVALUATIONTYPE>Based on Value</GSTRATEVALUATIONTYPE></RATEDETAILS.LIST><RATEDETAILS.LIST><GSTRATEDUTYHEAD>Cess</GSTRATEDUTYHEAD><GSTRATEVALUATIONTYPE>Based on Value</GSTRATEVALUATIONTYPE></RATEDETAILS.LIST></LEDGERENTRIES.LIST><LEDGERENTRIES.LIST><OLDAUDITENTRYIDS.LIST TYPE="Number"><OLDAUDITENTRYIDS>-1</OLDAUDITENTRYIDS></OLDAUDITENTRYIDS.LIST><LEDGERNAME>CGST @ 9%</LEDGERNAME><GSTCLASS /><ISDEEMEDPOSITIVE>No</ISDEEMEDPOSITIVE><AMOUNT>60.94</AMOUNT><VATEXPAMOUNT>60.94</VATEXPAMOUNT><RATEDETAILS.LIST><GSTRATEDUTYHEAD>Integrated Tax</GSTRATEDUTYHEAD><GSTRATEVALUATIONTYPE>Based on Value</GSTRATEVALUATIONTYPE></RATEDETAILS.LIST><RATEDETAILS.LIST><GSTRATEDUTYHEAD>Central Tax</GSTRATEDUTYHEAD><GSTRATEVALUATIONTYPE>Based on Value</GSTRATEVALUATIONTYPE></RATEDETAILS.LIST><RATEDETAILS.LIST><GSTRATEDUTYHEAD>State Tax</GSTRATEDUTYHEAD><GSTRATEVALUATIONTYPE>Based on Value</GSTRATEVALUATIONTYPE></RATEDETAILS.LIST><RATEDETAILS.LIST><GSTRATEDUTYHEAD>Cess</GSTRATEDUTYHEAD><GSTRATEVALUATIONTYPE>Based on Value</GSTRATEVALUATIONTYPE></RATEDETAILS.LIST></LEDGERENTRIES.LIST><LEDGERENTRIES.LIST><OLDAUDITENTRYIDS.LIST TYPE="Number"><OLDAUDITENTRYIDS>-1</OLDAUDITENTRYIDS></OLDAUDITENTRYIDS.LIST><LEDGERNAME>SGST @ 9%</LEDGERNAME><GSTCLASS /><ISDEEMEDPOSITIVE>No</ISDEEMEDPOSITIVE><AMOUNT>60.94</AMOUNT><VATEXPAMOUNT>60.94</VATEXPAMOUNT><RATEDETAILS.LIST><GSTRATEDUTYHEAD>Integrated Tax</GSTRATEDUTYHEAD><GSTRATEVALUATIONTYPE>Based on Value</GSTRATEVALUATIONTYPE></RATEDETAILS.LIST><RATEDETAILS.LIST><GSTRATEDUTYHEAD>Central Tax</GSTRATEDUTYHEAD><GSTRATEVALUATIONTYPE>Based on Value</GSTRATEVALUATIONTYPE></RATEDETAILS.LIST><RATEDETAILS.LIST><GSTRATEDUTYHEAD>State Tax</GSTRATEDUTYHEAD><GSTRATEVALUATIONTYPE>Based on Value</GSTRATEVALUATIONTYPE></RATEDETAILS.LIST><RATEDETAILS.LIST><GSTRATEDUTYHEAD>Cess</GSTRATEDUTYHEAD><GSTRATEVALUATIONTYPE>Based on Value</GSTRATEVALUATIONTYPE></RATEDETAILS.LIST></LEDGERENTRIES.LIST><ALLINVENTORYENTRIES.LIST><BASICUSERDESCRIPTION.LIST TYPE="String"><BASICUSERDESCRIPTION>Myaskro  HFD 240 Dual Mesh Suture Pad   240g  12mm  3 Layer RealSkin    High Fidelity Simulation for Medical Students  OSCE   Surgical Training</BASICUSERDESCRIPTION></BASICUSERDESCRIPTION.LIST><STOCKITEMNAME>TAS-SP001</STOCKITEMNAME><ISDEEMEDPOSITIVE>No</ISDEEMEDPOSITIVE><ISLASTDEEMEDPOSITIVE>No</ISLASTDEEMEDPOSITIVE><RATE>677.12/Nos</RATE><AMOUNT>677.12</AMOUNT><VATASSBLVALUE>677.12</VATASSBLVALUE><ACTUALQTY>1 Nos</ACTUALQTY><BILLEDQTY>1 Nos</BILLEDQTY><BATCHALLOCATIONS.LIST><GODOWNNAME> Main location</GODOWNNAME><BATCHNAME>Primary Batch</BATCHNAME><DESTINATIONGODOWNNAME> Main location</DESTINATIONGODOWNNAME><AMOUNT>677.12</AMOUNT><ACTUALQTY>1 Nos</ACTUALQTY><BILLEDQTY>1 Nos</BILLEDQTY></BATCHALLOCATIONS.LIST><ACCOUNTINGALLOCATIONS.LIST><OLDAUDITENTRYIDS.LIST TYPE="Number"><OLDAUDITENTRYIDS>-1</OLDAUDITENTRYIDS></OLDAUDITENTRYIDS.LIST><LEDGERNAME>Sales GST Local @ 18%</LEDGERNAME><GSTCLASS /><ISDEEMEDPOSITIVE>No</ISDEEMEDPOSITIVE><LEDGERFROMITEM>No</LEDGERFROMITEM><REMOVEZEROENTRIES>No</REMOVEZEROENTRIES><ISPARTYLEDGER>No</ISPARTYLEDGER><ISLASTDEEMEDPOSITIVE>No</ISLASTDEEMEDPOSITIVE><AMOUNT>677.12</AMOUNT><RATEDETAILS.LIST><GSTRATEDUTYHEAD>Integrated Tax</GSTRATEDUTYHEAD><GSTRATEVALUATIONTYPE>Based on Value</GSTRATEVALUATIONTYPE></RATEDETAILS.LIST><RATEDETAILS.LIST><GSTRATEDUTYHEAD>Central Tax</GSTRATEDUTYHEAD><GSTRATEVALUATIONTYPE>Based on Value</GSTRATEVALUATIONTYPE></RATEDETAILS.LIST><RATEDETAILS.LIST><GSTRATEDUTYHEAD>State Tax</GSTRATEDUTYHEAD><GSTRATEVALUATIONTYPE>Based on Value</GSTRATEVALUATIONTYPE></RATEDETAILS.LIST><RATEDETAILS.LIST><GSTRATEDUTYHEAD>Cess</GSTRATEDUTYHEAD><GSTRATEVALUATIONTYPE>Based on Value</GSTRATEVALUATIONTYPE></RATEDETAILS.LIST></ACCOUNTINGALLOCATIONS.LIST></ALLINVENTORYENTRIES.LIST></VOUCHER></TALLYMESSAGE><TALLYMESSAGE xmlns:UDF="TallyUDF"><VOUCHER REMOTEID="" VCHKEY="" VCHTYPE="Amazon Sales" ACTION="Create" OBJVIEW="Invoice Voucher View"><STATENAME>Jammu &amp; Kashmir</STATENAME><PLACEOFSUPPLY>Jammu &amp; Kashmir</PLACEOFSUPPLY><URDORIGINALSALEVALUE>B2C (Small)</URDORIGINALSALEVALUE><BASICBUYERADDRESS.LIST TYPE="String"><BASICBUYERADDRESS>191121</BASICBUYERADDRESS></BASICBUYERADDRESS.LIST><OLDAUDITENTRYIDS.LIST TYPE="Number"><OLDAUDITENTRYIDS>-1</OLDAUDITENTRYIDS></OLDAUDITENTRYIDS.LIST><DATE>20251002</DATE><REFERENCEDATE /><GUID> </GUID><VATDEALERTYPE>Unregistered</VATDEALERTYPE><COUNTRYOFRESIDENCE>India</COUNTRYOFRESIDENCE><PARTYNAME>Amazon.in</PARTYNAME><BASICBUYERNAME>Amazon B2C Customer</BASICBUYERNAME><VOUCHERTYPENAME>Amazon Sales</VOUCHERTYPENAME><REFERENCE>403-0339774-8645122</REFERENCE><VOUCHERNUMBER>PKFZ-3883</VOUCHERNUMBER><IRN /><BILLTOPLACE /><SHIPTOPLACE>SRINAGAR</SHIPTOPLACE><PARTYPINCODE>191121</PARTYPINCODE><CONSIGNEEPINCODE>191121</CONSIGNEEPINCODE><PARTYLEDGERNAME>Amazon.in</PARTYLEDGERNAME><BASICBASEPARTYNAME>Amazon.in</BASICBASEPARTYNAME><FBTPAYMENTTYPE>Default</FBTPAYMENTTYPE><PERSISTEDVIEW>Invoice Voucher View</PERSISTEDVIEW><BASICORDERREF>AFN</BASICORDERREF><BASICDUEDATEOFPYMT>COD</BASICDUEDATEOFPYMT><GSTREGISTRATIONTYPE>Unregistered/Consumer</GSTREGISTRATIONTYPE><BASICFINALDESTINATION>SRINAGAR</BASICFINALDESTINATION><BASICDATETIMEOFINVOICE>02 Oct 25</BASICDATETIMEOFINVOICE><BASICDATETIMEOFREMOVAL>02 Oct 25</BASICDATETIMEOFREMOVAL><CONSIGNEESTATENAME>Jammu &amp; Kashmir</CONSIGNEESTATENAME><EFFECTIVEDATE>20251002</EFFECTIVEDATE><VCHGSTCLASS /><ENTEREDBY /><DIFFACTUALQTY>No</DIFFACTUALQTY><ISMSTFROMSYNC>No</ISMSTFROMSYNC><ASORIGINAL>No</ASORIGINAL><AUDITED>No</AUDITED><FORJOBCOSTING>No</FORJOBCOSTING><ISOPTIONAL>No</ISOPTIONAL><USEFOREXCISE>No</USEFOREXCISE><ISFORJOBWORKIN>No</ISFORJOBWORKIN><ALLOWCONSUMPTION>No</ALLOWCONSUMPTION><USEFORINTEREST>No</USEFORINTEREST><USEFORGAINLOSS>No</USEFORGAINLOSS><USEFORGODOWNTRANSFER>No</USEFORGODOWNTRANSFER><USEFORCOMPOUND>No</USEFORCOMPOUND><USEFORSERVICETAX>No</USEFORSERVICETAX><ISEXCISEVOUCHER>No</ISEXCISEVOUCHER><EXCISETAXOVERRIDE>No</EXCISETAXOVERRIDE><USEFORTAXUNITTRANSFER>No</USEFORTAXUNITTRANSFER><EXCISEOPENING>No</EXCISEOPENING><USEFORFINALPRODUCTION>No</USEFORFINALPRODUCTION><ISTDSOVERRIDDEN>No</ISTDSOVERRIDDEN><ISTCSOVERRIDDEN>No</ISTCSOVERRIDDEN><ISTDSTCSCASHVCH>No</ISTDSTCSCASHVCH><INCLUDEADVPYMTVCH>No</INCLUDEADVPYMTVCH><ISSUBWORKSCONTRACT>No</ISSUBWORKSCONTRACT><ISVATOVERRIDDEN>No</ISVATOVERRIDDEN><IGNOREORIGVCHDATE>No</IGNOREORIGVCHDATE><ISVATPAIDATCUSTOMS>No</ISVATPAIDATCUSTOMS><ISDECLAREDTOCUSTOMS>No</ISDECLAREDTOCUSTOMS><ISSERVICETAXOVERRIDDEN>No</ISSERVICETAXOVERRIDDEN><ISISDVOUCHER>No</ISISDVOUCHER><ISEXCISEOVERRIDDEN>No</ISEXCISEOVERRIDDEN><ISEXCISESUPPLYVCH>No</ISEXCISESUPPLYVCH><ISGSTOVERRIDDEN>No</ISGSTOVERRIDDEN><GSTNOTEXPORTED>No</GSTNOTEXPORTED><ISVATPRINCIPALACCOUNT>No</ISVATPRINCIPALACCOUNT><ISBOENOTAPPLICABLE>No</ISBOENOTAPPLICABLE><ISSHIPPINGWITHINSTATE>No</ISSHIPPINGWITHINSTATE><ISOVERSEASTOURISTTRANS>No</ISOVERSEASTOURISTTRANS><ISCANCELLED>No</ISCANCELLED><HASCASHFLOW>No</HASCASHFLOW><ISPOSTDATED>No</ISPOSTDATED><USETRACKINGNUMBER>No</USETRACKINGNUMBER><ISINVOICE>Yes</ISINVOICE><MFGJOURNAL>No</MFGJOURNAL><HASDISCOUNTS>No</HASDISCOUNTS><ASPAYSLIP>No</ASPAYSLIP><ISCOSTCENTRE>No</ISCOSTCENTRE><ISSTXNONREALIZEDVCH>No</ISSTXNONREALIZEDVCH><ISEXCISEMANUFACTURERON>No</ISEXCISEMANUFACTURERON><ISBLANKCHEQUE>No</ISBLANKCHEQUE><ISVOID>No</ISVOID><ISONHOLD>No</ISONHOLD><ORDERLINESTATUS>No</ORDERLINESTATUS><VATISAGNSTCANCSALES>No</VATISAGNSTCANCSALES><VATISPURCEXEMPTED>No</VATISPURCEXEMPTED><ISVATRESTAXINVOICE>No</ISVATRESTAXINVOICE><VATISASSESABLECALCVCH>Yes</VATISASSESABLECALCVCH><ISVATDUTYPAID>Yes</ISVATDUTYPAID><ISDELIVERYSAMEASCONSIGNEE>No</ISDELIVERYSAMEASCONSIGNEE><ISDISPATCHSAMEASCONSIGNOR>No</ISDISPATCHSAMEASCONSIGNOR><ISDELETED>No</ISDELETED><CHANGEVCHMODE>No</CHANGEVCHMODE><ALTERID> </ALTERID><MASTERID> </MASTERID><VOUCHERKEY> </VOUCHERKEY><INVOICEORDERLIST.LIST><BASICORDERDATE>20251001</BASICORDERDATE><BASICPURCHASEORDERNO>403-0339774-8645122</BASICPURCHASEORDERNO></INVOICEORDERLIST.LIST><LEDGERENTRIES.LIST><OLDAUDITENTRYIDS.LIST TYPE="Number"><OLDAUDITENTRYIDS>-1</OLDAUDITENTRYIDS></OLDAUDITENTRYIDS.LIST><LEDGERNAME>Amazon.in</LEDGERNAME><ISDEEMEDPOSITIVE>Yes</ISDEEMEDPOSITIVE><LEDGERFROMITEM>No</LEDGERFROMITEM><REMOVEZEROENTRIES>No</REMOVEZEROENTRIES><ISPARTYLEDGER>Yes</ISPARTYLEDGER><ISLASTDEEMEDPOSITIVE>Yes</ISLASTDEEMEDPOSITIVE><AMOUNT>-1199.0</AMOUNT><BILLALLOCATIONS.LIST><NAME>403-0339774-8645122</NAME><BILLTYPE>New Ref</BILLTYPE><AMOUNT>-1199.0</AMOUNT></BILLALLOCATIONS.LIST></LEDGERENTRIES.LIST><LEDGERENTRIES.LIST><OLDAUDITENTRYIDS.LIST TYPE="Number"><OLDAUDITENTRYIDS>-1</OLDAUDITENTRYIDS></OLDAUDITENTRYIDS.LIST><APPROPRIATEFOR>GST</APPROPRIATEFOR><GSTAPPROPRIATETO>Goods and Services</GSTAPPROPRIATETO><EXCISEALLOCTYPE>Based on Value</EXCISEALLOCTYPE><LEDGERNAME>Shipping Charges</LEDGERNAME><GSTCLASS /><ISDEEMEDPOSITIVE>No</ISDEEMEDPOSITIVE><LEDGERFROMITEM>No</LEDGERFROMITEM><REMOVEZEROENTRIES>No</REMOVEZEROENTRIES><ISPARTYLEDGER>No</ISPARTYLEDGER><ISLASTDEEMEDPOSITIVE>No</ISLASTDEEMEDPOSITIVE><AMOUNT>33.90</AMOUNT><VATEXPAMOUNT>33.90</VATEXPAMOUNT><RATEDETAILS.LIST><GSTRATEDUTYHEAD>Integrated Tax</GSTRATEDUTYHEAD><GSTRATEVALUATIONTYPE>Based on Value</GSTRATEVALUATIONTYPE></RATEDETAILS.LIST><RATEDETAILS.LIST><GSTRATEDUTYHEAD>Central Tax</GSTRATEDUTYHEAD><GSTRATEVALUATIONTYPE>Based on Value</GSTRATEVALUATIONTYPE></RATEDETAILS.LIST><RATEDETAILS.LIST><GSTRATEDUTYHEAD>State Tax</GSTRATEDUTYHEAD><GSTRATEVALUATIONTYPE>Based on Value</GSTRATEVALUATIONTYPE></RATEDETAILS.LIST><RATEDETAILS.LIST><GSTRATEDUTYHEAD>Cess</GSTRATEDUTYHEAD><GSTRATEVALUATIONTYPE>Based on Value</GSTRATEVALUATIONTYPE></RATEDETAILS.LIST></LEDGERENTRIES.LIST><LEDGERENTRIES.LIST><OLDAUDITENTRYIDS.LIST TYPE="Number"><OLDAUDITENTRYIDS>-1</OLDAUDITENTRYIDS></OLDAUDITENTRYIDS.LIST><LEDGERNAME>ship-promotion-discount</LEDGERNAME><GSTCLASS /><ISDEEMEDPOSITIVE>No</ISDEEMEDPOSITIVE><LEDGERFROMITEM>No</LEDGERFROMITEM><REMOVEZEROENTRIES>No</REMOVEZEROENTRIES><ISPARTYLEDGER>No</ISPARTYLEDGER><ISLASTDEEMEDPOSITIVE>No</ISLASTDEEMEDPOSITIVE><AMOUNT>-33.90</AMOUNT><VATEXPAMOUNT>-33.90</VATEXPAMOUNT><RATEDETAILS.LIST><GSTRATEDUTYHEAD>Integrated Tax</GSTRATEDUTYHEAD><GSTRATEVALUATIONTYPE>Based on Value</GSTRATEVALUATIONTYPE></RATEDETAILS.LIST><RATEDETAILS.LIST><GSTRATEDUTYHEAD>Central Tax</GSTRATEDUTYHEAD><GSTRATEVALUATIONTYPE>Based on Value</GSTRATEVALUATIONTYPE></RATEDETAILS.LIST><RATEDETAILS.LIST><GSTRATEDUTYHEAD>State Tax</GSTRATEDUTYHEAD><GSTRATEVALUATIONTYPE>Based on Value</GSTRATEVALUATIONTYPE></RATEDETAILS.LIST><RATEDETAILS.LIST><GSTRATEDUTYHEAD>Cess</GSTRATEDUTYHEAD><GSTRATEVALUATIONTYPE>Based on Value</GSTRATEVALUATIONTYPE></RATEDETAILS.LIST></LEDGERENTRIES.LIST><LEDGERENTRIES.LIST><OLDAUDITENTRYIDS.LIST TYPE="Number"><OLDAUDITENTRYIDS>-1</OLDAUDITENTRYIDS></OLDAUDITENTRYIDS.LIST><LEDGERNAME>IGST @ 18%</LEDGERNAME><GSTCLASS /><ISDEEMEDPOSITIVE>No</ISDEEMEDPOSITIVE><LEDGERFROMITEM>No</LEDGERFROMITEM><REMOVEZEROENTRIES>No</REMOVEZEROENTRIES><ISPARTYLEDGER>No</ISPARTYLEDGER><ISLASTDEEMEDPOSITIVE>No</ISLASTDEEMEDPOSITIVE><AMOUNT>182.9</AMOUNT><VATEXPAMOUNT>182.9</VATEXPAMOUNT><RATEDETAILS.LIST><GSTRATEDUTYHEAD>Integrated Tax</GSTRATEDUTYHEAD><GSTRATEVALUATIONTYPE>Based on Value</GSTRATEVALUATIONTYPE></RATEDETAILS.LIST><RATEDETAILS.LIST><GSTRATEDUTYHEAD>Central Tax</GSTRATEDUTYHEAD><GSTRATEVALUATIONTYPE>Based on Value</GSTRATEVALUATIONTYPE></RATEDETAILS.LIST><RATEDETAILS.LIST><GSTRATEDUTYHEAD>State Tax</GSTRATEDUTYHEAD><GSTRATEVALUATIONTYPE>Based on Value</GSTRATEVALUATIONTYPE></RATEDETAILS.LIST><RATEDETAILS.LIST><GSTRATEDUTYHEAD>Cess</GSTRATEDUTYHEAD><GSTRATEVALUATIONTYPE>Based on Value</GSTRATEVALUATIONTYPE></RATEDETAILS.LIST></LEDGERENTRIES.LIST><ALLINVENTORYENTRIES.LIST><BASICUSERDESCRIPTION.LIST TYPE="String"><BASICUSERDESCRIPTION>Myaskro  Transparent Dental Model To Demonstrate   Dental Implant   Dental Diseases   Cavities And Other Dental structures and processes   Pr</BASICUSERDESCRIPTION></BASICUSERDESCRIPTION.LIST><STOCKITEMNAME>TAS-DMTRS</STOCKITEMNAME><ISDEEMEDPOSITIVE>No</ISDEEMEDPOSITIVE><ISLASTDEEMEDPOSITIVE>No</ISLASTDEEMEDPOSITIVE><RATE>1016.10/Nos</RATE><AMOUNT>1016.10</AMOUNT><VATASSBLVALUE>1016.10</VATASSBLVALUE><ACTUALQTY>1 Nos</ACTUALQTY><BILLEDQTY>1 Nos</BILLEDQTY><BATCHALLOCATIONS.LIST><GODOWNNAME> Main location</GODOWNNAME><BATCHNAME>Primary Batch</BATCHNAME><DESTINATIONGODOWNNAME> Main location</DESTINATIONGODOWNNAME><AMOUNT>1016.10</AMOUNT><ACTUALQTY>1 Nos</ACTUALQTY><BILLEDQTY>1 Nos</BILLEDQTY></BATCHALLOCATIONS.LIST><ACCOUNTINGALLOCATIONS.LIST><OLDAUDITENTRYIDS.LIST TYPE="Number"><OLDAUDITENTRYIDS>-1</OLDAUDITENTRYIDS></OLDAUDITENTRYIDS.LIST><LEDGERNAME>Sales GST Interstate @ 18%</LEDGERNAME><GSTCLASS /><ISDEEMEDPOSITIVE>No</ISDEEMEDPOSITIVE><LEDGERFROMITEM>No</LEDGERFROMITEM><REMOVEZEROENTRIES>No</REMOVEZEROENTRIES><ISPARTYLEDGER>No</ISPARTYLEDGER><ISLASTDEEMEDPOSITIVE>No</ISLASTDEEMEDPOSITIVE><AMOUNT>1016.10</AMOUNT><RATEDETAILS.LIST><GSTRATEDUTYHEAD>Integrated Tax</GSTRATEDUTYHEAD><GSTRATEVALUATIONTYPE>Based on Value</GSTRATEVALUATIONTYPE></RATEDETAILS.LIST><RATEDETAILS.LIST><GSTRATEDUTYHEAD>Central Tax</GSTRATEDUTYHEAD><GSTRATEVALUATIONTYPE>Based on Value</GSTRATEVALUATIONTYPE></RATEDETAILS.LIST><RATEDETAILS.LIST><GSTRATEDUTYHEAD>State Tax</GSTRATEDUTYHEAD><GSTRATEVALUATIONTYPE>Based on Value</GSTRATEVALUATIONTYPE></RATEDETAILS.LIST><RATEDETAILS.LIST><GSTRATEDUTYHEAD>Cess</GSTRATEDUTYHEAD><GSTRATEVALUATIONTYPE>Based on Value</GSTRATEVALUATIONTYPE></RATEDETAILS.LIST></ACCOUNTINGALLOCATIONS.LIST></ALLINVENTORYENTRIES.LIST></VOUCHER></TALLYMESSAGE><TALLYMESSAGE xmlns:UDF="TallyUDF"><VOUCHER REMOTEID="" VCHKEY="" VCHTYPE="Amazon Sales" ACTION="Create" OBJVIEW="Invoice Voucher View"><STATENAME>Uttar Pradesh</STATENAME><PLACEOFSUPPLY>Uttar Pradesh</PLACEOFSUPPLY><URDORIGINALSALEVALUE>B2C (Small)</URDORIGINALSALEVALUE><BASICBUYERADDRESS.LIST TYPE="String"><BASICBUYERADDRESS>211012</BASICBUYERADDRESS></BASICBUYERADDRESS.LIST><OLDAUDITENTRYIDS.LIST TYPE="Number"><OLDAUDITENTRYIDS>-1</OLDAUDITENTRYIDS></OLDAUDITENTRYIDS.LIST><DATE>20251003</DATE><REFERENCEDATE /><GUID> </GUID><VATDEALERTYPE>Unregistered</VATDEALERTYPE><COUNTRYOFRESIDENCE>India</COUNTRYOFRESIDENCE><PARTYNAME>Amazon.in</PARTYNAME><BASICBUYERNAME>Amazon B2C Customer</BASICBUYERNAME><VOUCHERTYPENAME>Amazon Sales</VOUCHERTYPENAME><REFERENCE>403-0733672-5093910</REFERENCE><VOUCHERNUMBER>PKFZ-3904</VOUCHERNUMBER><IRN /><BILLTOPLACE /><SHIPTOPLACE>Prayagraj</SHIPTOPLACE><PARTYPINCODE>211012</PARTYPINCODE><CONSIGNEEPINCODE>211012</CONSIGNEEPINCODE><PARTYLEDGERNAME>Amazon.in</PARTYLEDGERNAME><BASICBASEPARTYNAME>Amazon.in</BASICBASEPARTYNAME><FBTPAYMENTTYPE>Default</FBTPAYMENTTYPE><PERSISTEDVIEW>Invoice Voucher View</PERSISTEDVIEW><BASICORDERREF>AFN</BASICORDERREF><BASICDUEDATEOFPYMT>COD</BASICDUEDATEOFPYMT><GSTREGISTRATIONTYPE>Unregistered/Consumer</GSTREGISTRATIONTYPE><BASICFINALDESTINATION>Prayagraj</BASICFINALDESTINATION><BASICDATETIMEOFINVOICE>03 Oct 25</BASICDATETIMEOFINVOICE><BASICDATETIMEOFREMOVAL>03 Oct 25</BASICDATETIMEOFREMOVAL><CONSIGNEESTATENAME>Uttar Pradesh</CONSIGNEESTATENAME><EFFECTIVEDATE>20251003</EFFECTIVEDATE><VCHGSTCLASS /><ENTEREDBY /><DIFFACTUALQTY>No</DIFFACTUALQTY><ISMSTFROMSYNC>No</ISMSTFROMSYNC><ASORIGINAL>No</ASORIGINAL><AUDITED>No</AUDITED><FORJOBCOSTING>No</FORJOBCOSTING><ISOPTIONAL>No</ISOPTIONAL><USEFOREXCISE>No</USEFOREXCISE><ISFORJOBWORKIN>No</ISFORJOBWORKIN><ALLOWCONSUMPTION>No</ALLOWCONSUMPTION><USEFORINTEREST>No</USEFORINTEREST><USEFORGAINLOSS>No</USEFORGAINLOSS><USEFORGODOWNTRANSFER>No</USEFORGODOWNTRANSFER><USEFORCOMPOUND>No</USEFORCOMPOUND><USEFORSERVICETAX>No</USEFORSERVICETAX><ISEXCISEVOUCHER>No</ISEXCISEVOUCHER><EXCISETAXOVERRIDE>No</EXCISETAXOVERRIDE><USEFORTAXUNITTRANSFER>No</USEFORTAXUNITTRANSFER><EXCISEOPENING>No</EXCISEOPENING><USEFORFINALPRODUCTION>No</USEFORFINALPRODUCTION><ISTDSOVERRIDDEN>No</ISTDSOVERRIDDEN><ISTCSOVERRIDDEN>No</ISTCSOVERRIDDEN><ISTDSTCSCASHVCH>No</ISTDSTCSCASHVCH><INCLUDEADVPYMTVCH>No</INCLUDEADVPYMTVCH><ISSUBWORKSCONTRACT>No</ISSUBWORKSCONTRACT><ISVATOVERRIDDEN>No</ISVATOVERRIDDEN><IGNOREORIGVCHDATE>No</IGNOREORIGVCHDATE><ISVATPAIDATCUSTOMS>No</ISVATPAIDATCUSTOMS><ISDECLAREDTOCUSTOMS>No</ISDECLAREDTOCUSTOMS><ISSERVICETAXOVERRIDDEN>No</ISSERVICETAXOVERRIDDEN><ISISDVOUCHER>No</ISISDVOUCHER><ISEXCISEOVERRIDDEN>No</ISEXCISEOVERRIDDEN><ISEXCISESUPPLYVCH>No</ISEXCISESUPPLYVCH><ISGSTOVERRIDDEN>No</ISGSTOVERRIDDEN><GSTNOTEXPORTED>No</GSTNOTEXPORTED><ISVATPRINCIPALACCOUNT>No</ISVATPRINCIPALACCOUNT><ISBOENOTAPPLICABLE>No</ISBOENOTAPPLICABLE><ISSHIPPINGWITHINSTATE>No</ISSHIPPINGWITHINSTATE><ISOVERSEASTOURISTTRANS>No</ISOVERSEASTOURISTTRANS><ISCANCELLED>No</ISCANCELLED><HASCASHFLOW>No</HASCASHFLOW><ISPOSTDATED>No</ISPOSTDATED><USETRACKINGNUMBER>No</USETRACKINGNUMBER><ISINVOICE>Yes</ISINVOICE><MFGJOURNAL>No</MFGJOURNAL><HASDISCOUNTS>No</HASDISCOUNTS><ASPAYSLIP>No</ASPAYSLIP><ISCOSTCENTRE>No</ISCOSTCENTRE><ISSTXNONREALIZEDVCH>No</ISSTXNONREALIZEDVCH><ISEXCISEMANUFACTURERON>No</ISEXCISEMANUFACTURERON><ISBLANKCHEQUE>No</ISBLANKCHEQUE><ISVOID>No</ISVOID><ISONHOLD>No</ISONHOLD><ORDERLINESTATUS>No</ORDERLINESTATUS><VATISAGNSTCANCSALES>No</VATISAGNSTCANCSALES><VATISPURCEXEMPTED>No</VATISPURCEXEMPTED><ISVATRESTAXINVOICE>No</ISVATRESTAXINVOICE><VATISASSESABLECALCVCH>Yes</VATISASSESABLECALCVCH><ISVATDUTYPAID>Yes</ISVATDUTYPAID><ISDELIVERYSAMEASCONSIGNEE>No</ISDELIVERYSAMEASCONSIGNEE><ISDISPATCHSAMEASCONSIGNOR>No</ISDISPATCHSAMEASCONSIGNOR><ISDELETED>No</ISDELETED><CHANGEVCHMODE>No</CHANGEVCHMODE><ALTERID> </ALTERID><MASTERID> </MASTERID><VOUCHERKEY> </VOUCHERKEY><INVOICEORDERLIST.LIST><BASICORDERDATE>20251002</BASICORDERDATE><BASICPURCHASEORDERNO>403-0733672-5093910</BASICPURCHASEORDERNO></INVOICEORDERLIST.LIST><LEDGERENTRIES.LIST><OLDAUDITENTRYIDS.LIST TYPE="Number"><OLDAUDITENTRYIDS>-1</OLDAUDITENTRYIDS></OLDAUDITENTRYIDS.LIST><LEDGERNAME>Amazon.in</LEDGERNAME><ISDEEMEDPOSITIVE>Yes</ISDEEMEDPOSITIVE><LEDGERFROMITEM>No</LEDGERFROMITEM><REMOVEZEROENTRIES>No</REMOVEZEROENTRIES><ISPARTYLEDGER>Yes</ISPARTYLEDGER><ISLASTDEEMEDPOSITIVE>Yes</ISLASTDEEMEDPOSITIVE><AMOUNT>-8299.0</AMOUNT><BILLALLOCATIONS.LIST><NAME>403-0733672-5093910</NAME><BILLTYPE>New Ref</BILLTYPE><AMOUNT>-8299.0</AMOUNT></BILLALLOCATIONS.LIST></LEDGERENTRIES.LIST><LEDGERENTRIES.LIST><OLDAUDITENTRYIDS.LIST TYPE="Number"><OLDAUDITENTRYIDS>-1</OLDAUDITENTRYIDS></OLDAUDITENTRYIDS.LIST><APPROPRIATEFOR>GST</APPROPRIATEFOR><GSTAPPROPRIATETO>Goods and Services</GSTAPPROPRIATETO><EXCISEALLOCTYPE>Based on Value</EXCISEALLOCTYPE><LEDGERNAME>Shipping Charges</LEDGERNAME><GSTCLASS /><ISDEEMEDPOSITIVE>No</ISDEEMEDPOSITIVE><LEDGERFROMITEM>No</LEDGERFROMITEM><REMOVEZEROENTRIES>No</REMOVEZEROENTRIES><ISPARTYLEDGER>No</ISPARTYLEDGER><ISLASTDEEMEDPOSITIVE>No</ISLASTDEEMEDPOSITIVE><AMOUNT>33.90</AMOUNT><VATEXPAMOUNT>33.90</VATEXPAMOUNT><RATEDETAILS.LIST><GSTRATEDUTYHEAD>Integrated Tax</GSTRATEDUTYHEAD><GSTRATEVALUATIONTYPE>Based on Value</GSTRATEVALUATIONTYPE></RATEDETAILS.LIST><RATEDETAILS.LIST><GSTRATEDUTYHEAD>Central Tax</GSTRATEDUTYHEAD><GSTRATEVALUATIONTYPE>Based on Value</GSTRATEVALUATIONTYPE></RATEDETAILS.LIST><RATEDETAILS.LIST><GSTRATEDUTYHEAD>State Tax</GSTRATEDUTYHEAD><GSTRATEVALUATIONTYPE>Based on Value</GSTRATEVALUATIONTYPE></RATEDETAILS.LIST><RATEDETAILS.LIST><GSTRATEDUTYHEAD>Cess</GSTRATEDUTYHEAD><GSTRATEVALUATIONTYPE>Based on Value</GSTRATEVALUATIONTYPE></RATEDETAILS.LIST></LEDGERENTRIES.LIST><LEDGERENTRIES.LIST><OLDAUDITENTRYIDS.LIST TYPE="Number"><OLDAUDITENTRYIDS>-1</OLDAUDITENTRYIDS></OLDAUDITENTRYIDS.LIST><LEDGERNAME>ship-promotion-discount</LEDGERNAME><GSTCLASS /><ISDEEMEDPOSITIVE>No</ISDEEMEDPOSITIVE><LEDGERFROMITEM>No</LEDGERFROMITEM><REMOVEZEROENTRIES>No</REMOVEZEROENTRIES><ISPARTYLEDGER>No</ISPARTYLEDGER><ISLASTDEEMEDPOSITIVE>No</ISLASTDEEMEDPOSITIVE><AMOUNT>-33.90</AMOUNT><VATEXPAMOUNT>-33.90</VATEXPAMOUNT><RATEDETAILS.LIST><GSTRATEDUTYHEAD>Integrated Tax</GSTRATEDUTYHEAD><GSTRATEVALUATIONTYPE>Based on Value</GSTRATEVALUATIONTYPE></RATEDETAILS.LIST><RATEDETAILS.LIST><GSTRATEDUTYHEAD>Central Tax</GSTRATEDUTYHEAD><GSTRATEVALUATIONTYPE>Based on Value</GSTRATEVALUATIONTYPE></RATEDETAILS.LIST><RATEDETAILS.LIST><GSTRATEDUTYHEAD>State Tax</GSTRATEDUTYHEAD><GSTRATEVALUATIONTYPE>Based on Value</GSTRATEVALUATIONTYPE></RATEDETAILS.LIST><RATEDETAILS.LIST><GSTRATEDUTYHEAD>Cess</GSTRATEDUTYHEAD><GSTRATEVALUATIONTYPE>Based on Value</GSTRATEVALUATIONTYPE></RATEDETAILS.LIST></LEDGERENTRIES.LIST><LEDGERENTRIES.LIST><OLDAUDITENTRYIDS.LIST TYPE="Number"><OLDAUDITENTRYIDS>-1</OLDAUDITENTRYIDS></OLDAUDITENTRYIDS.LIST><LEDGERNAME>CGST @ 9%</LEDGERNAME><GSTCLASS /><ISDEEMEDPOSITIVE>No</ISDEEMEDPOSITIVE><AMOUNT>632.97</AMOUNT><VATEXPAMOUNT>632.97</VATEXPAMOUNT><RATEDETAILS.LIST><GSTRATEDUTYHEAD>Integrated Tax</GSTRATEDUTYHEAD><GSTRATEVALUATIONTYPE>Based on Value</GSTRATEVALUATIONTYPE></RATEDETAILS.LIST><RATEDETAILS.LIST><GSTRATEDUTYHEAD>Central Tax</GSTRATEDUTYHEAD><GSTRATEVALUATIONTYPE>Based on Value</GSTRATEVALUATIONTYPE></RATEDETAILS.LIST><RATEDETAILS.LIST><GSTRATEDUTYHEAD>State Tax</GSTRATEDUTYHEAD><GSTRATEVALUATIONTYPE>Based on Value</GSTRATEVALUATIONTYPE></RATEDETAILS.LIST><RATEDETAILS.LIST><GSTRATEDUTYHEAD>Cess</GSTRATEDUTYHEAD><GSTRATEVALUATIONTYPE>Based on Value</GSTRATEVALUATIONTYPE></RATEDETAILS.LIST></LEDGERENTRIES.LIST><LEDGERENTRIES.LIST><OLDAUDITENTRYIDS.LIST TYPE="Number"><OLDAUDITENTRYIDS>-1</OLDAUDITENTRYIDS></OLDAUDITENTRYIDS.LIST><LEDGERNAME>SGST @ 9%</LEDGERNAME><GSTCLASS /><ISDEEMEDPOSITIVE>No</ISDEEMEDPOSITIVE><AMOUNT>632.97</AMOUNT><VATEXPAMOUNT>632.97</VATEXPAMOUNT><RATEDETAILS.LIST><GSTRATEDUTYHEAD>Integrated Tax</GSTRATEDUTYHEAD><GSTRATEVALUATIONTYPE>Based on Value</GSTRATEVALUATIONTYPE></RATEDETAILS.LIST><RATEDETAILS.LIST><GSTRATEDUTYHEAD>Central Tax</GSTRATEDUTYHEAD><GSTRATEVALUATIONTYPE>Based on Value</GSTRATEVALUATIONTYPE></RATEDETAILS.LIST><RATEDETAILS.LIST><GSTRATEDUTYHEAD>State Tax</GSTRATEDUTYHEAD><GSTRATEVALUATIONTYPE>Based on Value</GSTRATEVALUATIONTYPE></RATEDETAILS.LIST><RATEDETAILS.LIST><GSTRATEDUTYHEAD>Cess</GSTRATEDUTYHEAD><GSTRATEVALUATIONTYPE>Based on Value</GSTRATEVALUATIONTYPE></RATEDETAILS.LIST></LEDGERENTRIES.LIST><ALLINVENTORYENTRIES.LIST><BASICUSERDESCRIPTION.LIST TYPE="String"><BASICUSERDESCRIPTION>Myaskro Obstetric Pelvis Section with Fetus  4 Part    Removable Fetus on Base   For OBGYN  Midwifery  Childbirth Education   MBBS Nursing</BASICUSERDESCRIPTION></BASICUSERDESCRIPTION.LIST><STOCKITEMNAME>TAS-332B</STOCKITEMNAME><ISDEEMEDPOSITIVE>No</ISDEEMEDPOSITIVE><ISLASTDEEMEDPOSITIVE>No</ISLASTDEEMEDPOSITIVE><RATE>7033.06/Nos</RATE><AMOUNT>7033.06</AMOUNT><VATASSBLVALUE>7033.06</VATASSBLVALUE><ACTUALQTY>1 Nos</ACTUALQTY><BILLEDQTY>1 Nos</BILLEDQTY><BATCHALLOCATIONS.LIST><GODOWNNAME> Main location</GODOWNNAME><BATCHNAME>Primary Batch</BATCHNAME><DESTINATIONGODOWNNAME> Main location</DESTINATIONGODOWNNAME><AMOUNT>7033.06</AMOUNT><ACTUALQTY>1 Nos</ACTUALQTY><BILLEDQTY>1 Nos</BILLEDQTY></BATCHALLOCATIONS.LIST><ACCOUNTINGALLOCATIONS.LIST><OLDAUDITENTRYIDS.LIST TYPE="Number"><OLDAUDITENTRYIDS>-1</OLDAUDITENTRYIDS></OLDAUDITENTRYIDS.LIST><LEDGERNAME>Sales GST Local @ 18%</LEDGERNAME><GSTCLASS /><ISDEEMEDPOSITIVE>No</ISDEEMEDPOSITIVE><LEDGERFROMITEM>No</LEDGERFROMITEM><REMOVEZEROENTRIES>No</REMOVEZEROENTRIES><ISPARTYLEDGER>No</ISPARTYLEDGER><ISLASTDEEMEDPOSITIVE>No</ISLASTDEEMEDPOSITIVE><AMOUNT>7033.06</AMOUNT><RATEDETAILS.LIST><GSTRATEDUTYHEAD>Integrated Tax</GSTRATEDUTYHEAD><GSTRATEVALUATIONTYPE>Based on Value</GSTRATEVALUATIONTYPE></RATEDETAILS.LIST><RATEDETAILS.LIST><GSTRATEDUTYHEAD>Central Tax</GSTRATEDUTYHEAD><GSTRATEVALUATIONTYPE>Based on Value</GSTRATEVALUATIONTYPE></RATEDETAILS.LIST><RATEDETAILS.LIST><GSTRATEDUTYHEAD>State Tax</GSTRATEDUTYHEAD><GSTRATEVALUATIONTYPE>Based on Value</GSTRATEVALUATIONTYPE></RATEDETAILS.LIST><RATEDETAILS.LIST><GSTRATEDUTYHEAD>Cess</GSTRATEDUTYHEAD><GSTRATEVALUATIONTYPE>Based on Value</GSTRATEVALUATIONTYPE></RATEDETAILS.LIST></ACCOUNTINGALLOCATIONS.LIST></ALLINVENTORYENTRIES.LIST></VOUCHER></TALLYMESSAGE><TALLYMESSAGE xmlns:UDF="TallyUDF"><VOUCHER REMOTEID="" VCHKEY="" VCHTYPE="Journal" ACTION="Create" OBJVIEW="Accounting Voucher View"><DATE>20251003</DATE><GUID> </GUID><NARRATION>TCS Recorded from  Oct  01 2025  02:40AM to Oct  03 2025  02:44AM</NARRATION><PARTYLEDGERNAME>Amazon.in</PARTYLEDGERNAME><VOUCHERTYPENAME>Amazon TCS</VOUCHERTYPENAME><VOUCHERNUMBER>Oct  03 2025  02:44AM</VOUCHERNUMBER><EFFECTIVEDATE>20251003</EFFECTIVEDATE><ALLLEDGERENTRIES.LIST><OLDAUDITENTRYIDS.LIST TYPE="Number"><OLDAUDITENTRYIDS>-1</OLDAUDITENTRYIDS></OLDAUDITENTRYIDS.LIST><LEDGERNAME>Amazon - TCS - CGST</LEDGERNAME><ISDEEMEDPOSITIVE>Yes</ISDEEMEDPOSITIVE><LEDGERFROMITEM>No</LEDGERFROMITEM><REMOVEZEROENTRIES>No</REMOVEZEROENTRIES><ISPARTYLEDGER>No</ISPARTYLEDGER><ISLASTDEEMEDPOSITIVE>Yes</ISLASTDEEMEDPOSITIVE><AMOUNT>-19.27</AMOUNT><VATEXPAMOUNT>-19.27</VATEXPAMOUNT></ALLLEDGERENTRIES.LIST><ALLLEDGERENTRIES.LIST><OLDAUDITENTRYIDS.LIST TYPE="Number"><OLDAUDITENTRYIDS>-1</OLDAUDITENTRYIDS></OLDAUDITENTRYIDS.LIST><LEDGERNAME>Amazon - TCS - SGST</LEDGERNAME><ISDEEMEDPOSITIVE>Yes</ISDEEMEDPOSITIVE><LEDGERFROMITEM>No</LEDGERFROMITEM><REMOVEZEROENTRIES>No</REMOVEZEROENTRIES><ISPARTYLEDGER>No</ISPARTYLEDGER><ISLASTDEEMEDPOSITIVE>Yes</ISLASTDEEMEDPOSITIVE><AMOUNT>-19.27</AMOUNT><VATEXPAMOUNT>-19.27</VATEXPAMOUNT></ALLLEDGERENTRIES.LIST><ALLLEDGERENTRIES.LIST><OLDAUDITENTRYIDS.LIST TYPE="Number"><OLDAUDITENTRYIDS>-1</OLDAUDITENTRYIDS></OLDAUDITENTRYIDS.LIST><LEDGERNAME>Amazon - TCS - UTGST</LEDGERNAME><ISDEEMEDPOSITIVE>No</ISDEEMEDPOSITIVE><LEDGERFROMITEM>No</LEDGERFROMITEM><REMOVEZEROENTRIES>No</REMOVEZEROENTRIES><ISPARTYLEDGER>No</ISPARTYLEDGER><ISLASTDEEMEDPOSITIVE>No</ISLASTDEEMEDPOSITIVE><AMOUNT>0</AMOUNT><VATEXPAMOUNT>0</VATEXPAMOUNT></ALLLEDGERENTRIES.LIST><ALLLEDGERENTRIES.LIST><OLDAUDITENTRYIDS.LIST TYPE="Number"><OLDAUDITENTRYIDS>-1</OLDAUDITENTRYIDS></OLDAUDITENTRYIDS.LIST><LEDGERNAME>Amazon - TCS - IGST</LEDGERNAME><ISDEEMEDPOSITIVE>Yes</ISDEEMEDPOSITIVE><LEDGERFROMITEM>No</LEDGERFROMITEM><REMOVEZEROENTRIES>No</REMOVEZEROENTRIES><ISPARTYLEDGER>No</ISPARTYLEDGER><ISLASTDEEMEDPOSITIVE>Yes</ISLASTDEEMEDPOSITIVE><AMOUNT>-55.49</AMOUNT><VATEXPAMOUNT>-55.49</VATEXPAMOUNT></ALLLEDGERENTRIES.LIST><ALLLEDGERENTRIES.LIST><OLDAUDITENTRYIDS.LIST TYPE="Number"><OLDAUDITENTRYIDS>-1</OLDAUDITENTRYIDS></OLDAUDITENTRYIDS.LIST><LEDGERNAME>Amazon.in</LEDGERNAME><ISDEEMEDPOSITIVE>No</ISDEEMEDPOSITIVE><LEDGERFROMITEM>No</LEDGERFROMITEM><REMOVEZEROENTRIES>No</REMOVEZEROENTRIES><ISPARTYLEDGER>Yes</ISPARTYLEDGER><ISLASTDEEMEDPOSITIVE>No</ISLASTDEEMEDPOSITIVE><AMOUNT>94.03</AMOUNT><VATEXPAMOUNT>94.03</VATEXPAMOUNT><BILLALLOCATIONS.LIST><NAME>406-0575493-1706743</NAME><BILLTYPE>New Ref</BILLTYPE><AMOUNT>6.78</AMOUNT></BILLALLOCATIONS.LIST><BILLALLOCATIONS.LIST><NAME>405-6217933-4685967</NAME><BILLTYPE>New Ref</BILLTYPE><AMOUNT>16.94</AMOUNT></BILLALLOCATIONS.LIST><BILLALLOCATIONS.LIST><NAME>407-6519513-0169952</NAME><BILLTYPE>New Ref</BILLTYPE><AMOUNT>12.71</AMOUNT></BILLALLOCATIONS.LIST><BILLALLOCATIONS.LIST><NAME>407-8839072-0631538</NAME><BILLTYPE>New Ref</BILLTYPE><AMOUNT>8.05</AMOUNT></BILLALLOCATIONS.LIST><BILLALLOCATIONS.LIST><NAME>404-9128252-5960322</NAME><BILLTYPE>New Ref</BILLTYPE><AMOUNT>5.93</AMOUNT></BILLALLOCATIONS.LIST><BILLALLOCATIONS.LIST><NAME>404-0269927-9737969</NAME><BILLTYPE>New Ref</BILLTYPE><AMOUNT>3.38</AMOUNT></BILLALLOCATIONS.LIST><BILLALLOCATIONS.LIST><NAME>403-0339774-8645122</NAME><BILLTYPE>New Ref</BILLTYPE><AMOUNT>5.08</AMOUNT></BILLALLOCATIONS.LIST><BILLALLOCATIONS.LIST><NAME>403-0733672-5093910</NAME><BILLTYPE>New Ref</BILLTYPE><AMOUNT>35.16</AMOUNT></BILLALLOCATIONS.LIST></ALLLEDGERENTRIES.LIST></VOUCHER></TALLYMESSAGE></REQUESTDATA></IMPORTDATA></BODY></ENVELOPE>